1716 3210
254 229 313 271 82
612 223 658 264 G.
689 219 1035 264 SALLUSTI
1065 221 1295 265 CRISPI

259 346 307 389 in
336 356 475 387 unum
511 337 654 383 omnis
676 341 912 394 convocat,
931 337 1092 395 quibus
1124 354 1334 386 maxuma
1368 340 1649 386 necessitudo

211 449 238 488 3
264 422 308 480 et
342 433 588 494 plurimum
625 429 841 475 audaciae
886 432 1040 475 inerat.
1109 431 1183 475 Eo
1226 446 1475 479 convenere
1509 433 1651 478 Sena-

258 528 362 572 torii
397 523 563 568 ordinis
596 522 650 577 P.
674 521 888 565 Lentulus
924 520 1053 577 Sura,
1088 521 1141 566 P.
1169 522 1430 582 Autronius,
1464 525 1519 570 L.
1538 525 1652 570 Cas-

256 620 345 663 sius
381 614 640 676 Longinus,
685 612 742 658 C..
775 611 1033 673 Cethegus,
1078 613 1130 660 P.
1175 620 1221 660 et
1265 615 1447 661 Servius
1482 616 1655 673 Sullae,

355 785 393 819 in
416 783 523 818 unum
548 779 736 826 convocat]
771 779 922 814 Dahlius
948 782 982 814 et
1005 780 1180 816 Miillerus
1210 776 1401 826 praeeunte
1422 785 1543 821 Curtio
1577 797 1659 830 sup-

261 844 359 888 plent
388 843 509 883 locum,
535 851 625 886 quae
647 838 783 884 ellipsis
799 849 868 872 non
891 838 1030 872 videtur
1048 839 1275 882 admittenda,
1298 841 1382 884 quia
1405 856 1512 878 unum
1534 849 1659 879 neutro

261 912 393 947 genere
417 898 631 934 substantive
653 897 807 941 positum
831 898 892 930 est.
938 896 1119 933 Romanos
1150 898 1194 931 de
1215 899 1407 943 supplendo
1430 902 1522 935 locus
1548 903 1654 936 subst.

261 970 332 994 non
355 958 550 1003 cogitasse,
580 956 680 990 doce-t
703 954 810 988 etiam
834 954 996 997 frequens
1030 954 1216 989 locutionis
1251 967 1355 999 usus,
1389 969 1495 1001 quem
1518 959 1657 994 Curtius

261 1015 466 1052 illustravit.
499 1015 578 1058 Ing.
596 1014 659 1057 xl,
678 1012 712 1046 2.
740 1016 924 1057 postquam
947 1012 1001 1045 illi
1023 1013 1061 1045 in
1083 1024 1190 1046 unum
1222 1025 1420 1050 convenere.
1466 1016 1507 1058 L,
1528 1015 1563 1051 5.
1594 1028 1657 1050 ne-

260 1087 327 1121 que
368 1076 405 1108 in
443 1074 550 1107 unum
584 1082 620 1105 se
653 1069 878 1114 recipiebant.
923 1069 987 1110 LI,
1019 1069 1052 1103 3.
1096 1071 1224 1104 milites
1263 1072 1302 1105 in
1344 1084 1450 1106 unum
1487 1074 1656 1108 conducit.

260 1132 424 1174 XCVIII,
444 1131 478 1165 4.
509 1130 637 1163 milites
671 1129 709 1162 in
740 1138 846 1160 unum
881 1127 1066 1161 contrahit.
1111 1127 1229 1163 Tacit.
1262 1130 1351 1164 Anu.
1371 1131 1430 1174 lv,
1457 1131 1517 1166 47.
1550 1133 1656 1166 donec

222 1215 235 1221 -
262 1192 449 1227 exercitum
479 1189 517 1222 in
539 1199 646 1221 unum
671 1186 886 1220 conduceret.
918 1184 966 1217 ib.
991 1184 1068 1228 XV,
1091 1185 1148 1220 26.
1184 1187 1321 1221 auxilia
1343 1199 1468 1233 regum
1490 1190 1529 1223 in
1550 1201 1657 1224 unum

261 1250 443 1284 conducta.
467 1246 545 1281 Liv.
566 1243 731 1284 XXXVI,
749 1242 783 1284 8,
801 1241 834 1276 5.
873 1241 1064 1276 Nobiscum
1099 1244 1185 1278 facit
1218 1245 1300 1279 Car.
1324 1245 1472 1281 Beier-us
1506 1247 1552 1281 ad
1582 1247 1654 1281 cic.

263 1306 337 1342 Off.
361 1307 390 1349 1,
408 1305 467 1345 17,
487 1302 546 1346 53,
569 1307 655 1337 extr.
680 1300 859 1345 colligatio
882 1301 1058 1334 societatis
1077 1303 1348 1347 propinquorum
1368 1305 1418 1337 in
1440 1306 1656 1349 exiguum

262 1367 607 1410 angustumque
638 1358 863 1394 concluditur.
919 1358 1057 1392 Eadem
1087 1360 1193 1404 plane
1226 1361 1321 1396 ratio
1352 1365 1405 1396 est
1437 1361 1596 1396 dictionis
1618 1363 1657 1396 in

258 1433 447 1469 praesens3
478 1420 642 1465 praesens
673 1420 725 1452 est
746 1415 840 1450 euim
863 1414 900 1448 id
931 1416 1023 1459 quod
1053 1418 1173 1462 adest,
1197 1418 1271 1453 sive
1299 1420 1521 1464 praesentia,
1545 1419 1596 1454 ita
1618 1424 1658 1454 ut

261 1487 398 1527 tempus
427 1491 497 1514 non
531 1476 745 1521 suppleatur.
798 1473 973 1518 Exempla
1002 1474 1141 1519 Coi-tius
1175 1476 1295 1511 attulit
1323 1477 1370 1512 ad
1401 1478 1488 1513 Cat.-
1503 1478 1596 1521 xvl,
1620 1478 1656 1514 3.

214 1545 222 1555 s
260 1541 322 1576 sed
344 1538 395 1573 ibi
418 1547 569 1582 quoque,
594 1542 632 1569 ut
654 1532 812 1574 videtur,
837 1531 880 1564 de
903 1531 1020 1576 ellipsi
1041 1533 1213 1578 cogitans.

356 1595 500 1638 inerat]
531 1594 614 1628 Hoc
636 1591 787 1625 verbum
811 1588 970 1631 Cottius,
993 1600 1038 1623 ne
1059 1601 1132 1624 uno
1153 1590 1294 1636 quidem
1324 1591 1400 1627 cod'.
1425 1593 1659 1639 suffragante,

261 1654 376 1696 eiecit,
400 1651 544 1687 Gruteri
565 1649 680 1695 potius
702 1647 936 1682 inconsultam
959 1645 1177 1691 sentcntIam',
1201 1661 1308 1693 quam
1329 1653 1463 1686 rectam
1483 1650 1657 1685 rationem

260 1717 410 1748 secutus.
465 1708 645 1754 Exiguam
675 1709 794 1740 tamen
825 1707 888 1739 aut
917 1705 1054 1739 nullam
1084 1707 1130 1740 ad
1160 1709 1371 1742 vocabulum
1404 1708 1657 1743 defendendum

259 1771 336 1805 vim
358 1770 487 1810 habet,
513 1766 607 1811 quod
629 1762 837 1798 Gerlachius
868 1761 971 1804 dicit,
994 1774 1038 1797 eo
1070 1764 1201 1799 omisso
1234 1776 1421 1800 numerum
1439 1765 1657 1800 claudicare.

262 1828 334 1863 Sed
357 1829 541 1872 propterea
562 1822 679 1868 potius
701 1831 771 1855 non
794 1823 908 1863 potest
930 1821 1066 1864 omitti,
1091 1822 1175 1866 quia
1196 1834 1316 1857 omues
1338 1824 1540 1868 supplerent
1571 1834 1656 1866 esse,

261 1897 372 1931 quum
396 1890 515 1919 tamen
544 1883 655 1916 inesse
689 1878 898 1923 requiratur.
946 1879 1036 1913 Nam
1069 1880 1175 1915 huius
1198 1882 1367 1916 vocabuli
1386 1881 1551 1926 propriu
1568 1892 1658 1916 usas

261 1947 336 1987 est,
360 1942 423 1976 ubi
447 1941 491 1975 de
514 1940 619 1974 rebus
642 1936 810 1977 internis,
835 1936 1009 1981 imprimis
1040 1939 1084 1972 de
1105 1939 1215 1973 animi
1237 1935 1441 1985 ingeniique
1464 1938 1660 1974 virtutibus

261 2002 319 2036 vel
342 1999 439 2035 vitiis
464 1997 604 2039 dicitur,
631 2005 723 2039 quae
745 1995 864 2028 insunt
883 1996 922 2028 'in
945 1996 1102 2039 homine,
1125 2007 1235 2041 quum
1256 2003 1312 2031 res
1329 1997 1552 2032 *exter-aeci
1574 1998 1655 2033 sint.

262 2060 340 2094 Cat.
361 2057 490 2098 xxm,
506 2055 542 2089 2.
567 2055 646 2088 huic
669 2053 802 2087 homini
822 2065 892 2087 non
914 2054 1026 2088 minor
1054 2056 1196 2090 vanitas
1228 2055 1366 2098 sumat,
1402 2065 1506 2099 quem
1536 2056 1656 2090 locum

262 2114 404 2151 Cottius
436 2112 571 2159 pariter
610 2111 778 2156 corrupit.
810 2112 927 2154 XXV,
955 2110 989 2146 5.
1026 2113 1154 2146 multus
1182 2113 1285 2157 lepos
1304 2114 1430 2147 inerat.
1465 2114 1592 2157 LVffl,
1618 2113 1655 2150 2.
1691 2141 1696 2145 .

261 2180 398 2220 quanta
433 2172 586 2207 audacia
620 2170 737 2204 animo
751 2169 860 2204 inest.
891 2170 972 2214 lug.
991 2169 1111 2211 LXIV,
1129 2169 1161 2203 1.
1194 2171 1309 2204 inerat
1332 2175 1543 2216 contemptor
1566 2173 1655 2206 *ani-
1705 2204 1708 2220 7

262 2244 339 2267 mus
370 2236 406 2266 et
440 2230 614 2275 superbia.
659 2227 733 2262 cic.
767 2228 811 2262 de
842 2226 912 2262 off.
930 2229 958 2270 1,
975 2227 1033 2269 37,
1053 2227 1109 2262 13.
1140 2228 1265 2261 vitium
1297 2229 1439 2274 aliquod
1469 2231 1578 2265 inesse
1614 2231 1654 2267 in

263 2290 424 2324 moribus.
471 2287 554 2322 Ter.
588 2288 679 2322 Eun.
706 2286 735 2328 1,
765 2286 799 2329 l,
826 2286 881 2320 14.
915 2286 953 2319 in
983 2296 1102 2319 amore
1134 2285 1221 2319 haec
1254 2288 1372 2320 omnia
1407 2287 1654 2323 insuntviu'a.
1712 2272 1716 2285 Ἃ

263 2348 319 2384 Cf.
351 2348 396 2382 ad
419 2358 450 2380 c.
477 2346 557 2386 XX,
588 2345 645 2379 11.
678 2345 812 2378 Eodem
843 2354 944 2377 sensu
975 2342 1081 2377 etiam
1121 2342 1327 2387 simpliciter
1359 2356 1432 2379 esse
1467 2346 1654 2391 irs-aliquo

245 2405 403 2440 dicitur.
437 2403 483 2438 cf.
506 2403 583 2448 lug.
604 2403 696 2444 vm,
725 2402 758 2437 1.
793 2401 950 2443 XXVIII,
978 2400 1011 2434 5.
1049 2401 1120 2435 Cic.
1145 2402 1235 2445 Epp.
1270 2402 1315 2435 ad
1337 2402 1475 2436 Famm.
1501 2403 1591 2444 XVI,
1618 2401 1654 2445 5,
1699 2444 1702 2449 ι

263 2463 340 2499 init.
366 2474 456 2507 quae
488 2462 572 2496 loca
604 2460 743 2495 Cottius
775 2459 893 2494 attulit
924 2458 969 2492 ad
992 2458 1095 2494 Catil.
1113 2460 1170 2501 LI,
1187 2459 1243 2493 42.
1297 2460 1402 2494 Patet.
1428 2460 1542 2505 igitur
1575 2460 1653 2494 leve
1696 2450 1709 2489 s

263 2527 416 2566 zeugma
441 2520 479 2552 h.
503 2519 528 2553 l.
553 2518 696 2559 haberi,
728 2527 812 2558 nam
834 2518 950 2551 inerat
972 2521 1040 2550 non
1063 2520 1177 2561 potest
1199 2517 1243 2550 ad
1265 2519 1480 2552 necessitudo
1512 2517 1650 2560 referri,

261 2578 325 2615 sed
347 2583 424 2613 crat
446 2576 527 2610 inde
549 2575 806 2610 assumendum.
855 2575 1018 2608 ceterum
1040 2575 1252 2608 necessitudo
1275 2586 1345 2608 non
1369 2580 1422 2610 est
1438 2569 1651 2617 'coniunctim
1701 2611 1706 2614 ,

262 2637 324 2673 sed
350 2635 547 2675 necessitas,
572 2644 703 2678 urgens
727 2633 922 2672 calamitas,
945 2634 1085 2676 qualem
1109 2637 1230 2666 auctor
1253 2626 1435 2677 descripsit
1456 2627 1487 2666 c}
1505 2632 1597 2674 xw,
1616 2631 1651 2666 8.

244 2693 311 2728 cf.
337 2694 432 2735 xxi,
454 2691 489 2727 ὃ.
520 2690 691 2724 vocabuli
715 2691 830 2724 forma
851 2693 1034 2734 propterea
1057 2689 1224 2724 Sallustio
1242 2689 1399 2734 placuit,
1423 2689 1515 2733 quod
1538 2689 1651 2724 multo

264 2751 440 2797 antiquior
460 2752 514 2784 est
536 2759 644 2793 quam
664 2749 775 2784 altera
797 2747 833 2782 iu
856 2752 936 2790 tas,
967 2758 1182 2792 quamquam
1206 2747 1375 2784 sententia
1406 2757 1475 2782 non
1501 2746 1650 2782 diversa.
