1716 3210
236 211 293 253 42
835 205 1010 247 INDEX
1029 226 1034 229 -

239 323 280 356 In
304 333 335 357 c..
359 321 466 356 afflat.
490 317 666 363 significat
688 317 780 361 quoa
803 317 944 360 attinet,
964 317 1002 352 C.
1026 314 1085 359 51,
1106 317 1165 355 35.
1209 318 1237 352 1.
1258 317 1319 360 73,
1341 318 1377 355 4.

241 381 280 414 ln
303 391 333 414 c.
352 379 461 412 ahiat.
485 376 623 420 quando
655 374 762 409 ctiam
796 385 862 418 pro
897 374 1095 410 accusativo
1117 375 1199 420 poni
1222 376 1351 420 possit,
1372 376 1411 412 C.
1432 375 1468 419 9,
1489 375 1534 416 2„

238 439 277 471 In
301 448 332 471 c.
355 436 464 471 afflat.
486 434 512 468 i.
538 445 572 478 q.
594 433 702 472 intra,
725 432 763 466 C.
787 431 846 474 ⁴8,
863 431 904 468 5.
951 433 979 467 1.
1001 432 1061 474 28,
1083 431 1119 466 2.
1164 432 1223 475 96,
1249 433 1283 468 1.

238 496 277 528 In
300 505 331 527 c.
356 494 464 528 ablat.
490 490 628 536 quando
651 489 833 524 vocabulis
856 490 940 533 dies,
964 496 1118 534 tempus,
1142 502 1264 533 annue,
1286 495 1400 533 aetas,
1422 493 1618 536 tempestas,

325 549 420 590 aliis,
441 548 547 583 adiici
567 546 687 592 possit,
710 547 749 580 C.
775 546 833 589 48,
855 545 890 582 5.
937 548 964 582 1.
987 547 1047 591 66,
1070 547 1103 582 3.

236 610 276 643 ln
298 619 381 642 cum
404 604 812 641 accusativoconeilium
836 607 871 639 et
891 605 998 639 finem
1020 605 1209 650 significat,
1233 605 1273 640 C.
1297 603 1356 647 5⁰,
1379 604 1414 638 2.

238 667 278 701 In
300 677 329 700 c.
355 676 470 700 accus.
494 675 538 698 ex
561 661 678 696 verbis
700 662 833 704 ducere,
855 663 1008 707 trahere,
1030 667 1164 698 vertere
1186 663 1336 706 pendens
1353 659 1621 696 similitudinem

328 723 482 765 denotat,
505 722 532 756 1.
554 718 616 761 85,
638 719 696 754 26.

237 783 279 816 In
303 793 336 816 c.
357 792 472 816 accus.
496 791 538 813 ex
560 787 746 822 suppressa
767 775 980 821 cogitatione
1003 776 1247 819 repetendum,
1270 777 1298 810 Ι.
1323 776 1404 819 112,
1424 776 1460 813 3.

237 840 279 874 Iu
302 850 332 874 c.
356 849 472 873 accus.
501 847 571 871 non
593 835 676 881 poni
703 837 817 879 potest
838 832 900 868 ubi
922 833 1070 868 verbum
1093 833 1352 870 intransitivum
1374 835 1483 877 adest,
1509 834 1548 872 G.
1563 834 1623 878 11,

325 895 362 932 5.
408 893 469 938 51,
491 894 550 930 36.

237 953 278 989 In
303 965 369 999 pro
391 951 522 997 duplici
543 951 789 986 nonnullorum
822 949 1013 983 verborum
1036 947 1172 983 ratione
1206 952 1243 994 et
1263 961 1343 985 cum
1367 949 1565 992 accusativo
1587 951 1624 983 ot

328 1023 410 1058 ⁰¹¹,m
434 1010 589 1045 ablativo
611 1007 778 1053 coniungi
807 1009 942 1051 potest,
978 1006 1020 1040 C·
1049 1003 1116 1050 51,
1147 1007 1206 1042 21.
1252 1008 1281 1043 1.
1312 1007 1376 1050 17,
1407 1007 1444 1044 3.
1489 1007 1558 1051 41,
1587 1005 1622 1042 6.

325 1069 406 1114 111,
430 1069 466 1106 1.
1429 1091 1431 1093 ,

235 1129 277 1164 In
299 1139 368 1163 non
390 1126 549 1162 additum
571 1123 761 1158 insularum
784 1119 994 1156 accusativo.
1017 1120 1046 1155 1.
1070 1119 1128 1162 28,
1146 1120 1181 1156 6.

236 1186 276 1220 ln
298 1196 368 1220 non
391 1183 550 1219 additum
573 1179 730 1215 ablativo
752 1178 1007 1214 adiectivorum
1029 1182 1142 1221 totus,
1176 1182 1336 1222 cunctus,
1362 1181 1565 1226 plerusque,
1593 1178 1621 1213 Ι.

326 1241 396 1285 79,
419 1241 456 1277 2ο
1551 1268 1571 1282 N

237 1303 278 1337 In
302 1310 384 1335 cum
405 1309 524 1334 verm
545 1295 780 1336 coniunctum,
802 1292 842 1328 G.
857 1291 915 1337 56,
929 1290 966 1329 4.
1279 1323 1281 1326 .

235 1360 278 1397 1η
300 1360 408 1404 auget
428 1356 502 1390 vim
524 1353 782 1389 vocabulorum
805 1350 1093 1396 compositorum,
1113 1354 1154 1387 ut
1174 1352 1350 1396 immania,
1369 1351 1399 1388 1.
1419 1350 1481 1394 31,
1502 1350 1563 1386 12.

238 1419 278 1452 In
300 1421 435 1462 aperto,
457 1414 495 1448 in
518 1413 635 1454 dubio,
657 1411 695 1446 in
717 1410 846 1444 incerto
877 1419 953 1443 esse
973 1409 1032 1442 vel
1053 1409 1209 1452 habere,
1237 1409 1276 1444 G.
1300 1409 1371 1454 41,
1395 1409 1431 1444 l.
1475 1410 1503 1445 1.
1527 1408 1563 1452 5,
1584 1409 1620 1443 3.

204 1479 205 1482 ’
237 1475 279 1510 In
301 1473 396 1509 brevi
419 1470 444 1506 i.
468 1482 504 1515 q.
526 1470 622 1505 iutra
642 1469 751 1503 breve
771 1470 920 1510 tempus,
942 1466 970 1501 1.
992 1465 1110 1508 96,1.

238 1534 280 1568 In
301 1530 446 1577 imperio
469 1540 541 1564 esse
562 1526 661 1563 aliud
682 1525 859 1572 significat
881 1534 989 1569 quam
1013 1535 1088 1558 cum
1110 1524 1254 1569 imperio
1277 1535 1368 1568 ene,
1391 1525 1419 1561 1.
1443 1524 1530 1570 3,1.

238 1591 280 1625 In
301 1592 377 1624 loco
401 1587 518 1632 aliquo
541 1596 615 1619 esse
637 1583 662 1618 ἰ.
689 1594 723 1627 q.
746 1581 866 1626 aliquo
888 1585 995 1626 statu,
1019 1582 1059 1617 C.
1081 1580 1140 1624 58,
1162 1581 1198 1616 5.

239 1650 280 1683 In
301 1647 414 1682 maius
437 1645 621 1687 celebrare,
645 1652 860 1685 componere,
886 1640 914 1675 1.
936 1639 994 1680 73,
1016 1639 1051 1676 5.

238 1706 279 1739 1η
299 1707 510 1750 potestatem
532 1712 616 1742 esse,
640 1699 680 1734 C.
703 1697 762 1740 51,
788 1697 846 1732 36.
892 1698 921 1733 1.
945 1697 1026 1740 112,
1041 1697 1078 1733 3.
1492 1726 1493 1729 ,
1535 1724 1539 1730 ,

237 1764 278 1798 In
297 1762 434 1808 primo,
463 1759 606 1800 medio,
629 1761 802 1802 postremo
824 1755 849 1792 i.
865 1767 899 1800 q.
923 1756 980 1790 vel
1002 1756 1040 1790 in
1067 1754 1184 1799 prima
1203 1757 1329 1799 patto,
1360 1755 1417 1789 vel
1448 1753 1486 1789 in
1507 1753 1624 1799 prium

328 1816 471 1863 agmine
493 1819 555 1850 aut
577 1813 667 1856 acie,
691 1814 718 1848 Ι.
742 1812 801 1854 68,
823 1813 856 1848 4.

236 1879 278 1913 1η
296 1885 462 1924 praesent
483 1872 559 1908 sine
580 1870 696 1916 ellipsi
718 1870 814 1906 vocis
834 1876 968 1917 tempus
990 1871 1135 1914 dietum,
1158 1870 1198 1907 C.
1225 1839 1284 1912 17,
1298 1870 1334 1905 2.

236 1937 277 1971 1η
301 1934 422 1982 primis
444 1931 626 1966 diversum
648 1929 696 1963 ab
718 1929 900 1974 imprimis,
923 1930 964 1964 G.
987 1928 1046 1971 60,
1061 1928 1098 1963 6.
1143 1929 1175 1963 Ι.
1197 1928 1233 1970 6,
1249 1928 1281 1961 1.

238 1996 280 2029 lu
299 1991 424 2039 primic
445 1999 516 2038 qno
538 1998 641 2023 sensu
660 1997 741 2020 cum
763 1987 978 2030 superlativo
1003 1987 1182 2034 iungatur,
1203 1986 1234 2021 1.
1256 1985 1293 2028 7,
1314 1983 1349 2022 5.

240 2053 280 2086 1η
301 2056 455 2094 tempore
476 2046 502 2081 i.
519 2058 553 2092 q.
575 2049 726 2088 mature,
749 2045 775 2080 1.
798 2043 856 2086 56,
877 2044 913 2080 2.

239 2110 280 2143 In
302 2119 406 2143 unum
429 2104 504 2141 sssne
525 2103 642 2148 ellipsi
662 2102 759 2137 vocis
780 2104 875 2137 locus
896 2101 1038 2146 dictum,
1066 2102 1105 2136 G.
1122 2102 1181 2145 17,
1195 2102 1231 2136 2.

239 2168 435 2202 lnacccssus
458 2163 483 2199 i.
498 2173 534 2206 q.
561 2161 607 2196 ad
630 2172 734 2205 quem
758 2160 878 2195 accedi
900 2171 969 2195 non
989 2163 1109 2205 potest,
1132 2161 1162 2195 1.
1185 2159 1243 2201 76,
1267 2160 1303 2196 1.

242 2224 360 2259 Inam's
382 2220 559 2267 quomodo
575 2219 716 2254 differat
737 2219 782 2253 ab
806 2230 935 2254 vacuus
959 2221 994 2252 et
1018 2229 1141 2260 vanus,
1162 2217 1192 2252 1.
1215 2215 1273 2258 64,
1296 2215 1330 2250 5.

239 2283 403 2317 incantus
426 2277 565 2324 passivo
585 2287 686 2312 sensu
709 2275 855 2325 dictum,
879 2275 907 2322 1ξ
931 2273 992 2318 49,
1007 2274 1042 2311 5.

162 2357 174 2364 ·
239 2341 399 2376 Incedere
420 2338 553 2371 fastum
574 2335 745 2380 designat,
770 2334 799 2368 1.
822 2332 881 2374 31,
903 2332 962 2368 1⁰.

241 2398 401 2432 Incedere
423 2398 458 2430 ek
480 2395 644 2429 incessere
667 2402 747 2425 cum
773 2391 894 2426 dativo
915 2390 1053 2433 iuncta,
1077 2392 1115 2426 G.
1139 2391 1196 2431 31,
1219 2390 1255 2426 3.

241 2456 425 2491 Incendere
447 2453 491 2486 du
511 2448 830 2496 perturbationibus
849 2447 960 2484 animi
983 2439 1128 2492 dictum,
1150 2448 1191 2482 C.
1214 2446 1273 2490 25,
1288 2446 1324 2482 3.

242 2512 440 2549 Incendium
462 2510 487 2549 i,
503 2521 539 2553 q.
561 2520 618 2543 res
640 2507 808 2552 perditae,
831 2506 868 2541 C.
884 2506 943 2548 31,
959 2506 994 2541 9.

242 2573 419 2615 Inceptum
440 2567 598 2602 absolute
619 2565 764 2608 dictum,
786 2564 862 2601 siue
882 2563 1053 2611 genitivo,
1077 2562 1108 2599 1.
1130 2561 1189 2606 8⁰,
1210 2561 1245 2601 5.

175 2624 186 2634 ²
242 2631 396 2677 Incertae
417 2625 557 2671 passivo
580 2635 694 2665 sensu,
715 2623 744 2657 1.
767 2622 826 2665 49,
847 2620 883 2659 5.

243 2687 415 2721 Incertum
435 2682 620 2728 proelium,
644 2682 672 2719 1.
693 2679 752 2724 50,
775 2680 811 2716 4.

245 2745 415 2779 lucescere
439 2740 600 2776 absolute
621 2738 786 2783 positum,
811 2738 852 2773 G.
876 2737 935 2782 1⁰,
949 2735 984 2773 6.
1029 2735 1058 2770 1.
1083 2735 1142 2778 13,
1163 2736 1199 2771 6.

247 2801 445 2836 Inconsulta
464 2808 540 2833 meo
564 2807 634 2840 qun
655 2795 821 2841 analogia
842 2795 986 2837 dicmm,
1008 2794 1038 2831 Ι.
1060 2792 1098 2835 2,
1113 2792 1149 2826 4.
