1716 3210
201 230 242 260 vt
617 217 1179 264 PRAEFATIO.

200 337 348 383 vitatis
390 334 782 391 studiosissimum,
839 335 1041 383 omisisse
1085 351 1204 395 quae
1249 337 1402 398 aliquo
1449 338 1592 384 modo

202 417 346 461 omitti
390 416 645 478 potuerint,
691 415 751 460 ad
795 415 888 464 hoc
932 423 1082 462 autem
1125 417 1358 475 insolentia
1400 420 1595 464 maxime

203 503 249 541 et
281 496 408 541 haud
443 496 604 539 usitata
638 502 868 555 captasse,
913 498 984 544 his
1032 498 1208 542 duabus
1255 487 1390 544 rebus
1424 501 1596 547 factum

204 583 294 628 est,
346 583 397 620 ut
441 582 486 619 et
534 576 761 642 levissimis
830 578 889 625 de
952 579 1115 626 caussis
1184 578 1418 634 abiiceret,
1478 595 1596 639 quae

203 656 418 702 codicum
465 671 688 702 consensu
743 659 1151 717 sententiarumque
1194 673 1312 703 nexu
1358 659 1461 702 satis
1512 659 1596 704 ‹le-

203 736 468 795 fenduntur,
511 742 558 783 et
589 753 803 798 perversa
842 753 1054 798 quaeque
1101 745 1147 783 et
1179 738 1337 783 vitiosa
1371 754 1457 798 pro
1494 739 1599 783 Sal-

203 817 403 861 lustianis
439 817 667 863 venditans
702 818 952 863 orationem
987 818 1115 864 haud
1155 834 1258 863 raro
1291 826 1599 878 pmtentosam

205 897 471 957 effingeret,
508 897 625 943 adeo
662 906 710 943 ut
744 899 982 943 Sallustius
1016 900 1062 945 in
1097 899 1312 943 Sallustio
1342 899 1420 942 tibi
1457 914 1599 958 quae-

204 977 370 1022 rendus
405 977 473 1022 sit.
556 978 654 1023 Sed
687 994 778 1023 non
813 981 961 1024 minor
1006 980 1145 1040 culpa
1181 979 1407 1030 editorum
1441 987 1601 1039 poste-

206 1057 375 1103 riorum
418 1057 526 1113 fuit,
570 1060 674 1117 qui,
721 1075 860 1118 quum
906 1075 1080 1109 summa
1125 1059 1250 1119 apud
1302 1059 1427 1118 ipsos
1484 1053 1602 1105 esset

207 1138 351 1183 Cortii
391 1139 653 1202 auctoritas,
698 1134 824 1184 hand
869 1141 1008 1184 dubie
1065 1140 1228 1199 amplis
1269 1140 1602 1185 commentariis

208 1226 253 1265 et
294 1219 510 1263 immensa
555 1220 808 1266 eruditione
843 1221 1158 1267 consarcinatis
1192 1226 1379 1280 parata,
1423 1226 1600 1266 tantum

207 1299 350 1344 abfuit
393 1306 440 1343 ut
484 1300 597 1345 eius
619 1317 877 1365 perversam
922 1302 1153 1346 rationem*
1188 1299 1508 1361 exploderent,
1552 1307 1601 1345 ut

202 1395 379 1426 summa
413 1380 634 1447 religione
669 1398 788 1441 quae
822 1383 901 1427 ille
932 1383 1087 1442 inepte
1115 1387 1161 1426 et
1196 1396 1251 1425 ex
1279 1380 1467 1426 libidine
1496 1397 1601 1426 mu-

203 1467 378 1512 taverat
419 1461 798 1520 amplecterentur
849 1469 985 1521 atque
1029 1466 1353 1524 propagarent.
1447 1463 1602 1526 Atque

207 1541 340 1590 etiam
377 1541 412 1586 si
446 1542 649 1586 nonnulli
688 1542 914 1587 interdum
961 1543 1005 1586 in
1045 1543 1180 1586 rebus
1214 1541 1403 1601 singulis
1437 1541 1497 1585 ab
1544 1557 1602 1587 eo

206 1621 442 1667 discedere
476 1623 570 1667 ausi
604 1629 718 1679 sunt,
738 1624 784 1666 in
820 1623 1026 1682 plurimis
1058 1629 1209 1667 tamen
1244 1621 1395 1682 potius
1427 1622 1475 1665 in
1497 1637 1601 1666 ver-

205 1704 268 1749 ba
301 1703 503 1764 magistri
537 1703 685 1748 iurare
720 1703 997 1758 maluerunt,
1039 1717 1176 1761 quam
1210 1717 1239 1746 a
1273 1699 1486 1747 codicum
1520 1717 1602 1747 ve-

205 1790 352 1829 terum
389 1783 654 1828 auctoritate
685 1782 918 1843 pendere,
954 1798 1148 1842 quorum
1185 1783 1428 1842 scripturas
1462 1797 1601 1828 accu-

204 1871 301 1910 rate
337 1864 591 1909 examinare
624 1863 700 1908 vel
736 1863 920 1922 inutile,
965 1863 1038 1908 vel
1073 1862 1213 1907 taedii
1246 1862 1437 1923 plenum
1471 1863 1602 1909 vide-

205 1951 342 1991 retur.
434 1943 521 1992 cni
562 1944 679 1989 mori
722 1943 849 1990 haud
893 1942 1248 1989 commendabili
1290 1949 1341 1988 ut
1383 1949 1602 2002 quantum

204 2041 389 2089 possem
432 2025 615 2070 obviam
660 2024 795 2081 irem,
842 2030 946 2070 ante
997 2024 1255 2083 complures
1304 2037 1445 2068 annos
1494 2026 1601 2085 cepi

159 2165 164 2168 ,
205 2107 407 2154 Sallustii
441 2105 608 2151 edendi
643 2105 903 2162 consilium,
921 2104 971 2150 id
991 2106 1186 2151 maxime
1218 2102 1332 2149 mihi
1366 2105 1600 2164 agendum

205 2193 328 2233 ratus
341 2220 354 2244 ‚
397 2193 448 2231 ut
480 2186 688 2232 restitutis
722 2198 840 2246 quae
874 2186 1019 2232 Cortii
1059 2184 1310 2230 temeritate
1345 2186 1493 2230 eiecta
1527 2201 1600 2230 es—

206 2275 328 2323 sent,
383 2267 536 2313 eieotis
581 2282 691 2313 vero
738 2282 855 2326 quae
891 2267 971 2312 ille
1013 2264 1325 2326 imprudenter
1367 2264 1598 2322 intulisset,
1643 2300 1648 2305 ,

205 2349 400 2396 auctoris
433 2348 573 2393 verba
607 2348 667 2392 ad
703 2347 913 2393 codicum
947 2345 1091 2391 fidem
1112 2346 1471 2401 constituerem,
1503 2359 1608 2404 quo·
1644 2338 1650 2380 ἶ

203 2429 390 2476 tandem
422 2428 554 2473 nullis
588 2428 811 2473 editonm
845 2427 1110 2472 commentis
1149 2432 1197 2471 et
1229 2426 1414 2471 salebris
1447 2427 1599 2486 impe—

205 2512 434 2567 direntur,
480 2509 559 2568 qui
615 2508 774 2553 eximia
818 2506 969 2566 Crispi
1015 2522 1159 2568 opera
1202 2506 1361 2567 legere
1413 2505 1595 2571 vellent.

206 2592 302 2638 Sed
347 2591 436 2635 alia
481 2589 708 2648 quaedam
751 2602 906 2634 caussa
957 2590 1166 2644 accessit,
1219 2603 1337 2647 quae
1380 2585 1597 2644 quoniam

203 2673 482 2731 aliquantum
515 2670 656 2715 valuit
689 2669 747 2714 ad
783 2669 1003 2714 rationem
1032 2670 1076 2714 in
1111 2666 1446 2716 commentariis
1483 2679 1596 2710 con-

202 2752 449 2801 scribendis
490 2751 671 2808 initam,
703 2750 861 2811 paucis
900 2747 963 2794 de
1009 2764 1064 2794 ea
1098 2764 1148 2794 re
1182 2747 1312 2795 nobie
1346 2744 1596 2793 dicendum
