1716 3210
245 215 303 257 38
845 206 1019 250 INDEX

249 325 391 360 Gradus
416 319 619 367 dignitatis,
641 319 681 355 C.
707 318 767 364 35,
789 320 824 356 3.

250 381 391 416 Gradus
413 379 578 414 militm-is
600 377 695 422 quid,
718 379 746 412 1.
770 377 829 422 98,
851 378 887 412 4.

250 440 388 473 Graeca
420 436 594 470 vocabula
615 435 731 470 latinis
753 436 938 480 explicata,
962 435 991 471 l.
1014 434 1072 478 78,
1097 436 1134 472 3.

249 494 376 529 Graeci
405 493 576 528 Romanis
599 494 645 528 ob
668 493 848 529 levitatem
871 494 988 536 invisi,
1011 495 1038 530 1.
1060 493 1120 537 63,
1141 492 1178 531 3.

250 552 403 586 Graecia
425 563 488 596 pro
515 551 661 585 Graccis
689 550 794 596 dicta,
816 553 844 588 Ι.
869 552 928 595 89,
951 551 987 589 7.

250 609 471 643 Graecisms
494 607 590 652 quid,
613 608 642 642 Ι.
664 607 701 650 4,
724 607 760 645 4.

252 665 446 700 Graecisms·
470 677 539 699 non
558 668 688 701 temere
709 665 937 711 admittendi,
960 666 1000 701 C.
1023 665 1059 709 6,
1074 664 1110 700 3.
1154 663 1214 710 20,
1238 662 1275 701 3.
1321 663 1350 698 1.
1372 662 1411 706 5,
1430 662 1464 697 4.
1512 661 1572 704 33,
1594 660 1632 700 3.

341 720 400 764 34,
425 722 461 757 1.
506 721 564 765 49,
588 722 624 759 2.

254 780 408 814 Grandis
433 780 528 815 vocis
548 781 650 826 origo
673 783 709 816 et
728 780 872 826 propria
893 784 1058 826 potestas,
1083 782 1112 817 Ι.
1135 779 1193 822 93,
1212 779 1249 815 4.

255 837 422 872 Gra-wari
449 837 546 873 vocis
568 839 710 884 propria
731 843 767 874 et
787 840 955 875 translata
976 843 1139 884 potestas,
1161 839 1190 874 1.
1211 836 1270 880 64,
1294 836 1329 872 5.

257 895 422 930 Gratiam
446 897 572 939 facere
596 897 741 931 alicuius
768 898 834 940 rei,
857 897 882 932 i.
905 910 940 942 q.
964 898 1104 931 veniam
1119 898 1215 937 dare,
1239 895 1267 932 Ι.
1292 893 1374 937 104,
1398 891 1434 930 5.

253 953 311 987 Ea
326 955 452 999 gratia
474 954 499 990 i.
523 966 556 998 q.
579 953 653 988 eius
675 954 728 988 rei
750 955 883 999 gratia,
907 956 947 989 C.
969 955 1027 998 52,
1051 954 1086 990 7.
1133 955 1163 990 1.
1187 952 1245 996 54,
1269 951 1304 986 4.

258 1011 467 1055 Gratzfioan'
489 1012 596 1046 alicui
617 1013 750 1057 aliquid
772 1012 991 1058 indignitatis
1013 1024 1114 1048 sensu
1136 1011 1280 1052 dictum,
1302 1010 1329 1043 1.
1352 1009 1389 1052 3,
1409 1008 1445 1047 4,

260 1068 429 1106 Gravitas
453 1073 644 1109 sententiae
667 1074 827 1111 ubertate
848 1070 1172 1116 dictioniseffeota‚
1193 1069 1222 1104 1.
1245 1067 1305 1111 79,
1327 1066 1363 1107 9.

917 1209 982 1261 H.

259 1294 400 1332 Habere
421 1302 574 1334 aetatem
603 1300 778 1344 quomodo
801 1298 942 1334 differat
964 1297 1012 1334 ab
1033 1307 1143 1344 agere
1165 1300 1339 1338 aetatem.
1373 1293 1415 1331 G.
1436 1291 1482 1336 4,
1503 1290 1537 1326 l-
1583 1288 1642 1334 51,

351 1354 372 1388 1
401 1381 409 1392 .
473 1382 482 1390 .
635 1382 644 1391 .

261 1355 401 1447 Habea-ze
423 1355 738 1449 atisoiit’e41iictum
761 1413 786 1448 i.
808 1426 842 1459 q.
867 1415 903 1449 in
926 1414 1046 1458 aliqua
1067 1412 1237 1448 sententia
1257 1422 1344 1454 esse,
1365 1409 1395 1444 Ι.
1419 1406 1501 1450 114,
1515 1407 1552 1444 2·

263 1469 402 1505 Habere
424 1473 578 1518 aliquam
601 1483 673 1506 rem
696 1471 823 1507 dicitur
844 1472 894 1517 id,
916 1471 1009 1517 quod
1031 1470 1254 1506 coniunctum
1275 1472 1329 1504 est
1344 1479 1430 1502 'cum
1451 1466 1573 1513 aliqua
1594 1475 1647 1509 te,

355 1529 394 1563 C.
419 1529 478 1573 11,
499 1530 535 1565 3.
581 1528 639 1571 51,
663 1529 723 1565 2⁰.

265 1583 404 1622 Habere
427 1589 562 1633 aliquid
585 1589 701 1622 animo
724 1589 761 1621 et
783 1598 858 1621 cum
878 1585 1011 1627 animo,
1033 1586 1060 1620 Ι
1083 1584 1142 1628 ll,
1157 1584 1192 1620 8.

265 1643 404 1679 Habere
428 1646 576 1691 aliquem
599 1646 636 1680 ia
660 1645 780 1690 aliqua
801 1655 841 1678 re
862 1643 1128 1688 perpetuitatem
1152 1642 1323 1687 designat,
1345 1642 1375 1677 Ι.
1398 1642 1458 1683 79,
1472 1640 1508 1678 3·
1539 1609 1599 1684 94,
1611 1640 1647 1677 3.

266 1699 405 1736 Habere
429 1704 578 1748 aliquem
605 1703 633 1740 i.
657 1714 690 1748 q.
714 1706 885 1745 tractare,
919 1702 958 1737 G.
980 1700 1025 1745 5,
1046 1701 1084 1741 9.
1127 1701 1194 1744 11,
1214 1699 1250 1739 5.
1295 1702 1326 1739 Ι.
1346 1700 1406 1744 89,
1427 1700 1461 1735 4.
1509 1698 1591 1741 103,
1612 1696 1645 1737 ⁵.

359 1759 441 1802 113,
459 1760 496 1795 2.

269 1817 407 1851 Habere
430 1819 545 1859 verba,
567 1819 596 1853 Ι
618 1817 654 1860 9,
668 1817 704 1854 3.

268 1875 408 1912 Habere
429 1876 564 1921 aliquid
585 1877 622 1910 in
642 1876 768 1923 gratia
791 1876 828 1909 et
850 1874 888 1910 ἰπ
910 1874 1080 1922 gratiam,
1102 1873 1240 1917 1.111‚
1263 1874 1300 1910 1.

269 1929 407 1968 Habere
433 1933 471 1969 ia
490 1933 660 1975 cantantia,
682 1933 721 1967 C.
744 1930 802 1974 47,
817 1931 853 1966 3.

270 1989 410 2038 Habere
432 1991 580 2035 aliquem
603 1992 640 2025 in
662 1991 866 2032 custodiam,
892 1989 929 2026 in
950 1994 1172 2035 potestatem,
1194 1990 1223 2024 1.
1245 1989 1327 2031 112,
1349 1988 1386 2027 3.

270 2048 409 2083 Habere
432 2059 511 2082 cum
534 2047 718 2092 participio
753 2047 901 2093 perfecti
934 2059 1026 2092 pass.
1050 2058 1118 2082 non
1141 2046 1236 2081 idem
1254 2052 1308 2081 est
1329 2051 1437 2091 atque
1453 2049 1651 2093 perfectum

362 2106 482 2147 activi,
506 2105 547 2141 C.
571 2105 629 2148 23,
645 2104 678 2139 4.
725 2104 754 2139 Ι.
778 2105 835 2147 10,
863 2105 897 2141 1.
943 2103 1001 2147 85,
1022 2105 1058 2143 7.
1103 2103 1160 2142 94.
1177 2104 1213 2142 3.

275 2163 405 2201 llaberz’
428 2174 497 2197 non
520 2162 725 2206 simpliciter
743 2174 808 2210 pro
831 2175 902 2202 esse
924 2163 1079 2206 dicitur,
1096 2163 1135 2197 C.
1158 2161 1203 2204 l,
1227 2161 1262 2197 4.
1307 2161 1353 2205 6,
1372 2161 1406 2199 3.
1451 2161 1520 2206 37,
1541 2162 1576 2203 3.
1622 2163 1653 2201 1.

362 2220 400 2264 4,
421 2220 455 2256 8.
501 2220 560 2264 89,
581 2220 617 2261 4.

274 2279 425 2314 Habitus
443 2290 513 2313 non
536 2283 673 2322 natura,
696 2279 756 2314 sed
778 2277 949 2318 industria
971 2277 1137 2321 efficitur,
1162 2277 1190 2312 1.
1213 2276 1270 2322 28,
1293 2276 1329 2312 4.

275 2338 542 2379 Hadrumetum,
564 2338 593 2376 Ι,
616 2337 674 2379 19,
690 2337 724 2376 1.

274 2394 430 2428 Haerere
452 2395 489 2428 ia
512 2396 644 2439 auimo,
666 2395 693 2429 Ι.
716 2393 774 2436 28,
791 2394 827 2429 l.

276 2452 460 2496 Haruspex
482 2452 608 2486 rectius
632 2453 800 2487 scribitur
821 2463 927 2496 quam
950 2461 1109 2498 aruspex,
1131 2449 1172 2487 C.
1194 2447 1252 2492 4⁷,
1275 2448 1311 2489 2⁷

275 2508 394 2542 Hasta
417 2509 546 2543 donum
569 2509 734 2551 militare,
757 2511 786 2545 Ι.
809 2509 868 2554 85,
883 2507 942 2545 29.

277 2565 450 2601 Παεταιιιε
465 2567 612 2611 primus,
635 2567 663 2607 Ι.
685 2567 744 2612 38,
766 2567 802 2606 6.

278 2622 416 2658 Havete
439 2623 673 2668 scribendum,
694 2636 764 2660 non
787 2630 902 2669 aveto,
925 2625 965 2660 G.
987 2623 1046 2668 35,
1067 2622 1104 2659 6-

278 2679 525 2723 Hendiadyotn
553 2693 586 2718 v.
600 2677 670 2719 “Ev
697 2679 760 2716 διὰ
786 2683 907 2721 δυοῖν.

279 2735 406 2770 Hercle
428 2737 641 2774 comicorum
664 2743 728 2782 est,
751 2740 779 2775 Ι.
803 2740 887 2783 110,
908 2740 947 2776 2.

281 2793 448 2830 Hercules
471 2795 574 2842 ,Libys
596 2797 690 2833 idem
711 2798 772 2841 qui
793 2796 1019 2839 Phoenicius,
1039 2795 1069 2831 1.
1093 2794 1152 2837 89,
1174 2793 1211 2834 4.
