1716 3210
271 227 329 267 4⁰
874 223 1048 266 INDEX

269 335 548 381 Inter-rogatione
570 335 766 370 continetur
788 335 1000 380 adhortatio,
1023 336 1053 371 Ι.
1075 336 1133 380 31,
1148 337 1205 372 11.

267 393 532 437 luterrogativa
554 394 754 428 enunciatio
776 393 850 428 sine
871 393 1111 440 interrogandi
1134 405 1220 428 voce
1242 398 1429 440 concepta,
1459 400 1489 435 Ι.
1519 399 1578 442 31,
1602 400 1658 436 17.

267 451 456 486 Intervallo
480 449 631 492 dicitur,
654 461 724 485 non
745 452 782 485 in
805 452 1013 495 intervallo,
1036 452 1082 487 ad
1104 453 1306 489 distantiam
1327 443 1655 494 duorum'loeorum

361 506 643 551 significandam,
659 508 689 542 I.
706 507 764 550 75,
776 508 812 546 2.

266 564 480 599 Intestabilis
502 564 527 598 i.
552 577 587 608 q.
604 566 788 609 scelestus,
812 567 838 604 Ι.
863 567 921 611 67,
944 567 979 603 3.

266 623 368 658 Intra
392 622 729 668 quomododifferat
751 625 797 658 ab
821 626 924 668 inter,
947 625 975 660 I.
999 625 1056 666 92,
1079 625 1113 660 8.

267 680 370 715 Intra
391 680 551 724 aliquam
573 691 663 723 rem,
686 680 711 714 i.
727 692 761 725 q.
786 682 883 717 haud
906 683 1057 717 muitum
1080 694 1102 717 a
1126 694 1164 717 re
1187 682 1328 728 distem,
1350 684 1379 719 Ι.
1402 682 1460 727 18,
1482 682 1517 718 5.

269 738 370 773 Intra
396 739 570 772 Oceanum
592 737 615 772 i.
632 750 666 783 q.
690 750 798 783 prope
820 741 866 774 ab
891 740 1044 781 oceano,
1065 741 1095 775 Ι.
1122 741 1179 786 18,
1195 742 1229 777 5.

267 796 407 831 Intrare
429 799 588 840 respectu
611 796 736 831 finium
759 797 904 841 dictum,
928 799 956 833 Ι.
984 798 1066 843 110,
1087 798 1123 835 8.

193 867 196 870 ⁴
269 854 513 897 Intransitiva,
536 865 571 887 v.
602 854 713 890 Verba
735 856 972 893 intransitiva.

264 911 415 946 lutroini
437 918 472 946 et
491 912 624 954 introii,
647 912 676 947 Ι.
699 913 758 956 71,
779 913 816 948 4.

265 970 402 1005 luanus
424 969 607 1003 confusum
631 981 711 1004 cum
733 972 872 1014 multus,
895 971 923 1005 Ι.
946 970 1006 1014 67,
1030 970 1066 1007 2.

265 1028 400 1062 Inultus
421 1027 443 1062 i.
469 1039 504 1072 q.
527 1038 596 1061 non
615 1028 767 1071 punitus,
791 1029 820 1062 1.
843 1028 904 1072 70,
928 1029 963 1063 4.

260 1085 435 1120 Invadere
460 1085 619 1119 absolute
639 1085 803 1129 positum,
827 1086 867 1121 C.
891 1086 948 1129 10,
971 1085 1007 1121 6.
1056 1132 1058 1134 q

264 1142 437 1176 Invadere
458 1142 495 1176 in
518 1154 590 1177 rem
613 1147 648 1177 et
670 1155 755 1186 rem,
780 1144 808 1178 l.
833 1142 892 1186 32,
916 1143 951 1179 4.

262 1200 436 1233 Invadere
458 1200 574 1234 animo
597 1201 744 1245 aliquid,
767 1201 794 1235 1.
818 1201 877 1243 20,
900 1200 936 1235 6.
1214 1225 1216 1229 >

264 1256 425 1290 Invenire
447 1256 578 1299 aliquid
602 1257 627 1291 i.
653 1269 688 1301 q.
707 1269 841 1303 parare
863 1259 921 1292 vel
945 1258 1082 1301 habere,
1106 1257 1135 1292 1.
1156 1256 1215 1300 70,
1238 1257 1274 1293 2.

261 1314 419 1348 Invictus
441 1314 607 1349 adversm
630 1316 776 1360 aliquid,
800 1316 828 1350 1.
849 1316 909 1359 43,
931 1315 966 1352 6.

264 1371 419 1420 Invictus
441 1371 467 1406 i.
490 1383 523 1415 q.
548 1372 608 1416 qui
631 1372 724 1407 vinci
746 1373 878 1418 nequit,
903 1375 931 1409 Ι.
956 1374 1015 1417 76,
1039 1373 1072 1408 1.

263 1429 424 1464 Invidere
446 1428 546 1463 verbi
569 1429 669 1464 vatia
692 1434 879 1475 structura,
903 1432 943 1466 C.
968 1431 1026 1475 51,
1041 1431 1098 1466 38.

263 1487 405 1522 Invidia
427 1487 452 1522 i.
472 1499 504 1531 q.
528 1499 584 1522 res
610 1499 700 1532 quae
723 1488 894 1524 invidiam
915 1489 1054 1531 excitat,
1076 1488 1105 1523 1.
1128 1486 1188 1531 33,
1211 1488 1246 1522 1.

263 1544 306 1579 In
327 1545 464 1579 invidia
487 1556 570 1588 esne,
596 1546 624 1580 I.
653 1546 712 1590 25,
736 1546 775 1582 5.

261 1604 396 1638 Invisus
419 1606 454 1637 et
475 1604 605 1639 invitus
625 1605 784 1647 confusa,
806 1605 835 1639 Ι.
857 1604 916 1647 73,
930 1605 965 1639 2.

263 1662 397 1696 Invitus
418 1672 486 1695 non
509 1661 580 1695 dici
601 1666 714 1706 potest
735 1663 811 1698 sine
831 1663 953 1706 verbo,
973 1663 1000 1698 1.
1015 1661 1075 1705 73,
1090 1661 1127 1696 2.

261 1721 346 1755 Ioea
368 1724 403 1754 et
426 1720 505 1760 ioci,
527 1720 555 1756 1.
581 1720 640 1763 96,
664 1720 699 1756 2.

263 1778 434 1812 locandus
457 1776 634 1821 antiquior
656 1780 784 1822 forma,
806 1779 835 1813 1.
853 1777 911 1821 85,
937 1777 995 1814 41.

259 1837 338 1882 Ipse
361 1836 406 1870 ad
430 1846 625 1879 personam,
649 1847 739 1880 quae
761 1836 929 1880 primaria
953 1839 1015 1876 est,
1038 1834 1198 1876 remittit,
1219 1833 1248 1869 Ι.
1272 1831 1342 1892 65,
1350 1833 1390 1881 3.

262 1894 341 1940 Ipse
362 1893 565 1938 germanice
586 1893 611 1928 i.
631 1905 665 1938 q.
685 1895 894 1939 persfinlich,
918 1893 959 1928 C.
981 1891 1040 1936 59,
1062 1892 1098 1930 6.
1143 1892 1173 1927 Ι.
1196 1891 1257 1935 52,
1278 1890 1337 1936 1

261 1953 341 1998 Ipse
362 1952 388 1986 i.
412 1963 445 1995 q.
468 1962 533 1997 per
555 1962 602 1994 se,
627 1964 674 1986 απ
696 1952 781 1993 sich,
805 1952 832 1986 Ι.
855 1950 914 1994 66,
940 1950 976 1988 4.

261 2012 339 2058 Ipse
362 2022 444 2045 cum
466 2009 670 2054 pronomine
690 2009 866 2054 personali
889 2009 1110 2044 coniunctum
1133 2019 1203 2052 quo
1223 2018 1325 2043 sensu
1350 2007 1433 2053 poni
1454 2007 1590 2050 debeat,
1607 2008 1645 2043 G.

352 2068 412 2111 20,
434 2067 469 2104 6.
517 2068 546 2102 1.
570 2066 627 2109 14,
642 2065 677 2101 4.
723 2066 783 2112 41,
801 2067 838 2102 9.

260 2128 338 2174 Ipse
360 2138 502 2169 mecum,
524 2130 648 2167 tecum,
670 2135 795 2168 secum,
820 2123 972 2160 deterius
995 2135 1101 2170 quam
1120 2135 1250 2159 mecum
1272 2124 1347 2167 ipse
1368 2125 1448 2165 etc,
1470 2122 1511 2158 C.
1535 2121 1646 2163 32,1.

352 2185 412 2228 52,
428 2185 462 2220 3.
508 2184 535 2219 Ι.
559 2182 617 2225 62,
633 2181 668 2217 9.

261 2244 317 2279 Ire
339 2254 419 2277 eum
444 2241 567 2288 supino
590 2241 627 2275 in
650 2252 753 2275 -um
776 2239 1010 2282 coniunctum,
1034 2213 1077 2274 Ο.
1093 2238 1152 2282 36,
1175 2236 1209 2273 5.
1254 2237 1282 2273 Ι.
1305 2236 1364 2280 31,
1378 2236 1436 2272 27.
1480 2236 1540 2280 68,
1563 2237 1597 2272 1.

259 2302 316 2337 Ire
338 2305 374 2336 et
398 2301 469 2335 aiia
493 2299 598 2334 eundi
619 2299 730 2333 verba
751 2310 836 2333 num
860 2297 976 2333 omitti
997 2297 1138 2342 possint,
1161 2295 1291 2340 1.100‚
1314 2295 1350 2330 1.

257 2360 451 2404 Irrumpere
473 2369 555 2391 cum
577 2346 652 2392 solo
677 2356 876 2392 accusativo
897 2356 1132 2398 coniunctum,
1155 2354 1183 2390 1.
1203 2353 1263 2397 58,
1285 2352 1321 2388 1.

257 2417 304 2459 Is,
326 2428 362 2452 V.
386 2416 493 2451 etiam
515 2416 569 2450 Id.

258 2475 294 2510 13
325 2476 419 2509 valet
452 2475 498 2509 ad
523 2472 721 2507 subiectum
750 2470 886 2507 maiore
911 2471 949 2507 vi
978 2470 1217 2515 efferendum,
1250 2469 1288 2506 C.
1312 2467 1380 2515 49,
1412 2443 1448 2505 3.
1494 2467 1560 2512 51,
1582 2468 1641 2504 33.

349 2533 377 2566 1.
402 2531 458 2574 63,
481 2531 516 2566 3.
563 2530 621 2574 85,
646 2531 704 2565 11.

259 2589 294 2625 'Is
316 2601 397 2624 cum
420 2590 457 2623 vi
481 2593 515 2624 et
538 2584 628 2634 ἤθει
650 2588 793 2631 dictum,
815 2588 842 2622 1.
860 2585 917 2630 85,
935 2586 973 2623 3.

258 2649 294 2682 Is
317 2658 397 2682 oum
422 2648 548 2691 copula
571 2647 594 2681 i.
618 2659 653 2691 q.
671 2652 706 2682 et
728 2647 879 2692 quidem,
902 2645 932 2681 Ι.
955 2643 1014 2686 89,
1037 2643 1075 2680 6.

258 2707 292 2740 Is
315 2705 542 2746 abundanter,
565 2716 770 2751 praegresso
793 2704 867 2738 inm
888 2703 1041 2744 nomine,
1070 2700 1220 2738 orationi
1235 2701 1400 2742 infertur,
1424 2699 1464 2734 C.
1479 2696 1536 2739 3⁷,
1558 2695 1593 2733 4.

256 2764 291 2799 Is
313 2774 380 2797 non
405 2762 564 2810 ponitur,
596 2764 659 2798 ubi
689 2763 868 2810 genitivus
903 2762 996 2797 alter
1030 2772 1074 2796 ex
1103 2771 1309 2807 praegresso
1339 2757 1479 2793 nomine
1501 2755 1639 2799 pendet,

348 2820 377 2855 Ι.
401 2820 459 2863 92,
480 2820 514 2855 4.
