1716 3210
240 212 325 253 138
592 207 638 249 G.
677 206 1021 249 SALLUSTI
1050 207 1270 252 cnlsl’l

236 325 539 384 Imperatores
583 328 707 367 erant
749 323 954 383 impediti
1007 339 1064 368 ne
1108 323 1443 385 triumpharent
1489 327 1613 373 calu-

237 416 360 461 mnia
392 429 691 475 paucorum,
717 414 877 473 quibus
923 417 1096 476 omnia,
1138 416 1326 463 honesta
1367 425 1502 477 atque
1545 419 1615 463 in-

189 515 217 558 5
235 508 447 562 honesta,
482 505 678 551 vendere
711 521 810 552 mos
846 514 961 560 erat3
997 507 1077 552 sed
1110 509 1346 554 Praetores
1379 509 1438 564 Q.
1474 509 1612 554 Pom-

234 599 362 660 peius
395 597 542 644 Rufus
576 596 809 658 Capuam,
855 598 912 654 Q.
949 599 1162 646 Metellus
1197 600 1332 648 Celer
1372 601 1418 645 in
1451 615 1613 662 agrum

231 778 302 812 quo
325 777 454 812 genere
482 766 573 800 haec
602 768 682 800 sunt
704 764 832 800 Cottii:
865 766 940 801 Cat.
963 767 1005 810 V,
1021 767 1056 803 7.
1092 778 1182 813 quac
1213 772 1361 814 utraque
1396 769 1451 804 bis
1482 770 1612 804 artibus

232 830 392 860 auxerat.
438 823 516 859 Liv.
532 823 638 865 xm,
657 822 716 868 54,
741 824 776 859 7.
811 825 968 859 Elatiam
998 831 1032 860 ct
1064 825 1222 860 Gonnum
1255 827 1396 872 recepit.
1462 827 1613 872 Utraque

231 871 361 928 oppida
383 883 420 917 in
442 882 606 926 faucibus
628 885 718 917 sunt.
766 880 884 917 Tacit.
907 881 996 917 Ann.
1025 883 1116 926 xvl,
1145 883 1201 917 11.
1230 889 1335 928 pater
1355 884 1494 928 filiam,
1530 885 1614 919 avia

231 946 380 986 neptem,
402 941 465 974 iua
490 945 650 985 utrosque
678 940 826 974 intuens.
851 939 897 973 id.
921 938 956 972 in
980 939 1063 976 dial.
1087 940 1131 973 de
1154 945 1302 977 oratorr.
1327 953 1357 975 c.
1377 942 1411 984 2,
1433 943 1481 977 in.
1510 953 1614 977 vene-

231 1004 313 1033 runt
335 999 383 1032 ad
407 1010 485 1032 eum
516 998 567 1034 Μ,
591 997 687 1042 Aper
710 1001 744 1030 et
769 997 835 1030 Iul.
861 997 1057 1039 Secundus,
1081 1010 1163 1043 quos
1186 1010 1253 1045 ego
1275 1005 1434 1046 utrosque
1463 1001 1614 1035 studiose

231 1057 428 1090 audiebam.
476 1054 562 1099 Nep.
587 1054 783 1096 Timol.11‚
802 1053 836 1090 2.
868 1055 958 1100 quod
981 1060 1203 1100 utrorumque
1227 1057 1464 1101 Dionysiorum
1493 1059 1613 1103 opibus
1660 1086 1664 1087 γ

231 1114 401 1148 Corinthii
423 1123 526 1156 saepe
549 1111 665 1146 adiuti
680 1114 839 1156 fuerant,
864 1112 925 1146 ubi
948 1123 982 1147 v.
1007 1112 1191 1155 Bromius,
1215 1117 1249 1148 et
1271 1114 1330 1150 Fr.
1351 1115 1542 1152 Guenther.
1566 1115 1613 1150 ad

227 1173 309 1209 Dat.
342 1184 372 1208 c.
399 1172 460 1209 XI,
489 1170 523 1205 2.
582 1170 795 1204 Ramshorn.
835 1168 871 1203 in
904 1169 1021 1204 Iahnii
1053 1170 1192 1206 Annall.
1222 1171 1352 1206 Philol.
1392 1176 1429 1207 et
1455 1173 1610 1218 Paodng.

228 1229 333 1265 1826.
361 1230 390 1271 1,
412 1229 447 1263 2.
470 1239 506 1274 p.
531 1226 613 1263 369.
645 1227 705 1272 qni
728 1228 849 1262 laudat
871 1226 944 1260 Cic.
978 1226 1014 1260 in
1037 1228 1134 1262 Verr.
1161 1228 1220 1271 lv,
1249 1228 1308 1271 14,
1339 1228 1399 1266 34.
1429 1242 1467 1275 p.
1489 1230 1611 1276 Ligur.

226 1288 286 1331 12,
307 1287 364 1323 36.
388 1286 504 1322 Tacit.
526 1286 616 1320 Ann.
632 1285 708 1328 XV,
725 1284 782 1328 55,
803 1289 893 1321 extr.
917 1285 1008 1326 XVI,
1026 1285 1062 1329 ¹1,
1085 1287 1176 1322 med.
1222 1288 1332 1322 Plura
1355 1287 1454 1323 dabit
1469 1288 1610 1324 Ouden-

226 1346 326 1390 dorp.
357 1345 403 1380 ad
436 1345 534 1379 Caes.
565 1344 608 1380 B.
634 1343 677 1378 G.
706 1343 734 1385 1,
761 1343 819 1385 53,
845 1342 881 1376 4.
913 1347 1081 1387 utraeque
1111 1343 1298 1388 (Ariovisti
1323 1347 1464 1390 uxores)
1496 1347 1534 1382 iu
1565 1357 1610 1382 ea

220 1406 319 1449 suga
355 1403 544 1449 perierunt.
615 1400 705 1435 Sunt
738 1404 855 1435 tamen
891 1399 929 1435 in
959 1401 1124 1446 exemplis
1164 1403 1210 1436 ab
1241 1413 1284 1437 eo
1313 1403 1488 1447 laudatis,
1519 1410 1610 1449 quae

225 1461 387 1506 legitimo
409 1471 508 1495 more
530 1457 699 1503 explicari
721 1458 880 1493 debeant.
903 1478 951 1487 --
983 1459 1035 1493 Hi
1057 1459 1192 1504 utrique
1225 1471 1305 1495 cum
1338 1461 1526 1498 Gerlnnhio
1548 1474 1610 1498 ex-

223 1518 406 1552 hibuimus
445 1528 489 1552 ex
519 1516 610 1562 Teg.
645 1515 742 1551 Leid.
773 1516 816 1552 L.
855 1519 890 1550 et
924 1515 1025 1551 Serv.
1061 1517 1106 1551 ad
1136 1516 1236 1562 virg.
1271 1517 1356 1554 Aen.
1382 1519 1422 1560 Ι,
1451 1519 1508 1555 9⁴.
1567 1520 1608 1555 In

224 1576 307 1611 aliis
347 1579 400 1611 est
440 1576 468 1610 ia·
502 1576 607 1620 utriq.
649 1574 707 1608 vel
748 1572 957 1618 ,simpliciter
988 1574 1147 1619 utrique,
1189 1586 1260 1619 quo
1301 1587 1358 1610 res
1393 1587 1463 1610 non
1497 1587 1607 1621 aeque

222 1632 344 1668 vivida
382 1635 418 1667 et
457 1632 557 1677 quasi
598 1642 760 1676 praesens
801 1630 1002 1666 decl-ibitur.
1057 1631 1165 1667 Multi
1195 1633 1302 1668 otiam
1339 1634 1470 1669 addunt
1509 1646 1604 1677 nam,

221 1691 358 1727 scilicet
404 1690 466 1735 qni
511 1693 678 1736 putarunt
729 1688 881 1723 caussali
930 1701 1021 1724 nexu
1066 1689 1160 1726 hanc
1208 1690 1486 1726 enunciationem
1525 1702 1607 1726 cnm

221 1747 431 1793 antegressis
468 1747 659 1789 contineri,
708 1757 799 1791 quae
840 1746 954 1790 potius
1000 1746 1218 1791 parenthesis
1263 1747 1337 1781 vim
1380 1748 1523 1783 obtinet.
1559 1767 1605 1774 —

221 1806 278 1840 Ad
311 1806 429 1840 urbem
468 1817 543 1840 esse
580 1804 763 1848 dicuntur,
806 1803 889 1850 qui,
924 1805 1030 1838 rebus
1059 1803 1096 1837 in
1126 1803 1309 1847 provincia
1344 1804 1453 1850 gestis
1492 1804 1605 1850 impe-

219 1864 344 1907 rioque
376 1862 556 1907 deposito,
589 1863 714 1896 urbem
756 1862 910 1896 nondum
949 1861 1184 1903 intraverant,
1220 1867 1456 1906 exspectantes
1495 1864 1604 1898 donec

219 1921 419 1964 triumphus
447 1919 533 1965 ipsis
565 1920 818 1954 decerneretur.
862 1919 985 1956 Senec.
1019 1920 1062 1953 de
1092 1919 1233 1953 Boneff.
1257 1920 1308 1962 V,
1332 1919 1389 1963 15,
1414 1924 1500 1958 extr.
1545 1923 1605 1968 qm·

219 1990 263 2012 ne
293 1978 542 2023 triumphaturi
579 1978 716 2023 quidem
757 1978 892 2012 intrare
922 1978 1041 2012 urbem
1074 1977 1206 2011 iniussu
1236 1977 1386 2013 Senatus
1419 1979 1602 2023 deberetis,

220 2037 407 2082 quibusque
431 2035 616 2071 exercitum
646 2037 811 2070 victorem
833 2035 1073 2071 reducentibus
1095 2035 1194 2069 ouria
1225 2040 1324 2070 extra
1358 2047 1471 2071 muros
1496 2048 1602 2082 prae-

220 2094 371 2136 beretur,
407 2093 459 2137 (ν.
484 2094 620 2128 Manat.
650 2094 696 2130 nd
719 2093 792 2128 Cic.
816 2093 906 2138 Epp.
930 2093 975 2127 ad
1006 2093 1144 2129 Famm.
1163 2093 1225 2135 111,
1242 2091 1276 2127 8.
1305 2097 1340 2128 et
1369 2094 1525 2140 Herzog.
1556 2095 1602 2129 ud

219 2151 318 2186 Caes.
343 2151 386 2187 B.
411 2152 453 2189 G.
477 2151 536 2195 VI,
567 2151 600 2188 1.
632 2152 714 2186 coll.
744 2151 865 2196 Lipsio
897 2151 941 2185 ad
964 2151 1049 2185 Tac.
1082 2151 1222 2186 Annali.
1247 2150 1310 2193 111,
1333 2150 1411 2194 19.)
1453 2151 1601 2187 Senatus
1642 2161 1645 2162 ’

217 2212 336 2243 autem
359 2209 510 2245 dabatur
531 2210 590 2245 vel
612 2210 658 2245 ad
678 2208 863 2256 Apollinis,
886 2219 920 2243 v-
945 2207 1020 2242 Liv.
1031 2207 1204 2250 XXXVII,
1214 2205 1274 2249 58,
1283 2207 1318 2242 3.
1342 2207 1510 2251 XXXIX,
1519 2208 1554 2252 4,
1567 2210 1598 2244 1.

218 2266 279 2300 vel
310 2267 354 2300 ad
384 2266 565 2310 Bellonae,
597 2267 676 2305 Liv.
705 2266 905 2307 XXXVIII,
933 2264 990 2307 44,
1017 2264 1053 2302 9.
1097 2264 1228 2307 XXVI,
1251 2265 1309 2307 21,
1338 2265 1372 2300 1.
1413 2266 1600 2302 Praeterea

217 2322 325 2358 etiam
349 2324 555 2360 dicebantur
577 2327 625 2361 ad
648 2326 766 2361 urbem
781 2334 866 2365 esse,
889 2321 950 2367 qui
973 2326 1033 2356 aut
1055 2332 1098 2359 ex
1119 2322 1302 2367 provincia
1325 2334 1407 2358 cum
1428 2327 1599 2368 potestate

216 2381 390 2424 redirent,
420 2386 481 2418 aut
511 2383 548 2417 in
583 2381 804 2428 provinciam
841 2379 1033 2425 profecturi
1072 2384 1194 2416 essent.
1249 2382 1303 2416 Cf.
1335 2380 1397 2415 cic
1428 2380 1466 2416 in
1499 2381 1597 2416 verr.

217 2439 262 2478 11,
283 2438 319 2482 6,
338 2439 394 2473 17.
418 2440 625 2485 simulatque
650 2440 682 2475 ei
714 2443 805 2473 sorte
837 2437 1016 2482 provincia
1039 2437 1160 2472 Sicilia
1192 2439 1352 2481 obvenit,
1384 2440 1502 2489 statim
1525 2441 1597 2474 Ro-

216 2507 306 2537 mae,
331 2501 365 2530 ct
389 2496 446 2531 ad
479 2498 653 2539 urbem,
686 2502 931 2541 autequam
961 2497 1398 2540 proficisceretur,
1431 2509 1597 2545 quaerere

215 2555 289 2599 ipse
310 2565 424 2589 secum
454 2555 564 2598 coepit
576 2566 589 2595 ,-
622 2555 668 2588 ad
701 2564 807 2599 quern
828 2553 946 2588 locum
978 2562 1012 2586 v.
1040 2553 1234 2600 Asconius,
1263 2554 1417 2601 itemque
1444 2556 1492 2592 ud
1519 2555 1591 2591 Cic.

214 2612 291 2648 Act.
309 2612 336 2648 1.
359 2611 396 2646 in
421 2611 515 2646 Verr.
535 2611 593 2655 15,
615 2610 674 2648 45.
1397 2605 1408 2612 ‘

304 2670 443 2712 omnia,
480 2669 626 2704 honesta
661 2674 765 2714 utque
806 2666 1012 2712 inhonesta]
1057 2667 1182 2704 Omnia
1213 2678 1283 2703 nou
1314 2668 1594 2715 coniungendam

215 2739 297 2765 cum
318 2727 549 2774 sequentibus,
570 2730 609 2765 ut
630 2727 743 2774 intpp.
775 2725 942 2771 fecerunt,
965 2723 1026 2763 sod
1053 2725 1267 2775 substautiyq
1296 2726 1524 2774 capiendum,
1554 2731 1594 2763 ut
