1716 3210
252 221 312 264 44
865 213 1036 258 INDEX

246 334 400 376 Infestus
421 340 492 364 vox
514 338 585 373 qua
607 328 743 364 ratione
763 328 938 374 passivam
960 329 1034 364 vim
1057 329 1217 376 accipiat,
1241 331 1268 366 1.
1289 331 1349 376 89,
1366 331 1400 368 5.

247 392 400 434 Infestus
421 387 593 421 exercitus
614 387 639 423 i.
654 399 687 432 q.
711 388 876 422 hostilem
899 387 1049 431 speciem
1073 398 1159 432 prae
1181 400 1218 424 ne
1240 390 1366 433 ferens,
1387 392 1416 428 1.
1437 393 1496 436 46,
1510 392 1546 427 5.

246 447 444 492 Infinitious
466 455 534 479 non
557 445 699 489 ponitur
721 457 785 490 pro
807 446 1000 492 gerundia,
1032 446 1070 480 C.
1095 445 1160 489 17,
1193 447 1228 483 6.
1272 447 1342 491 30,
1371 448 1406 484 5.
1453 451 1481 485 1.
1503 451 1573 495 89,
1597 451 1633 487 3.

340 503 421 542 102,
444 501 479 537 5.

245 563 443 606 Infinittvus
465 572 545 594 cum
569 559 785 596 substantivo
808 559 956 604 iunctus,
981 561 1021 598 C.
1043 560 1100 603 16,
1113 561 1148 596 2.

246 620 443 663 Infinitivun
465 618 616 662 pendens
639 615 680 652 ex*
703 618 882 653 adientivis
901 625 1064 663 paratus,
1087 624 1202 665 aptus,
1225 622 1306 662 etc„
1332 620 1361 655 1.
1383 620 1442 663 46,
1459 620 1493 656 5.
1522 622 1580 665 49,
1595 622 1632 658 3.

245 677 443 722 Infinitiuus
465 687 508 711 ex
531 675 648 710 verbis
675 676 851 711 consilium
873 674 1108 712 indicantibus
1132 677 1300 722 pendens,
1340 678 1381 713 Ο.
1406 678 1474 723 52,
1495 679 1553 715 24.
1598 681 1629 715 1.

340 734 399 776 17,
422 734 456 768 1.
501 732 560 775 33,
581 732 616 768 3.

245 791 443 837 bfinitivus
465 791 654 835 praesentia
675 802 717 826 ex
741 803 843 837 quum
865 794 978 835 aptus,
1001 791 1032 827 1.
1045 791 1104 834 98,
1120 791 1155 826 2.

247 849 444 893 Infinitivus
466 848 655 893 praesentis
675 860 739 894 pro
761 849 856 883 infin.
879 849 1002 890 futuri,
1026 850 1052 884 1.
1067 849 1126 892 33,
1142 849 1177 884 3.

247 906 446 950 Infinitivue
467 906 613 949 perfecti
635 918 704 941 non
726 905 867 951 ponitur
888 917 952 950 pro
974 906 1069 942 infin.
1093 908 1294 952 praesentis,
1316 909 1346 945 1.
1368 909 1427 953 31,
1449 911 1507 947 27.

245 964 442 1009 Infinitivus
468 964 579 999 futuri
605 964 715 998 activi
738 975 806 998 non
831 963 1024 999 necessario
1057 966 1102 1000 ad
1124 978 1236 1013 genus
1259 972 1295 1002 et
1315 980 1493 1005 nnmerum
1517 970 1631 1005 nomi-
1675 976 1677 981 “

336 1021 392 1058 nis
411 1022 574 1064 refertur,
595 1022 623 1057 1.
640 1022 720 1065 100,
736 1021 771 1057 4.

243 1080 440 1125 Infinitivus
462 1079 570 1114 futuri
594 1079 722 1124 passivi
745 1079 894 1124 pendens
916 1090 960 1115 ex
982 1080 1092 1115 verbo
1113 1086 1278 1124 statuere,
1300 1082 1329 1117 1.
1352 1082 1411 1125 39,
1434 1082 1469 1121 5.

243 1137 442 1183 Infinicious
464 1136 577 1171 futuri
600 1137 730 1182 passivi
750 1149 820 1174 non
842 1139 881 1175 fit
902 1150 944 1173 ex
966 1138 1151 1187 participio
1173 1139 1320 1187 perfecti
1342 1152 1424 1177 cum
1439 1144 1526 1186 fore
1545 1155 1628 1180 con-

335 1192 458 1237 iuncti,
479 1194 506 1228 1.
530 1194 589 1238 88,
610 1194 646 1237 3

244 1252 443 1298 Infinitivus
463 1251 651 1290 historicus
673 1265 778 1299 quam
800 1254 874 1290 vim
896 1254 1040 1295 haheat,
1065 1253 1094 1290 1.
1116 1253 1175 1297 98,
1190 1254 1226 1290 2.

245 1312 446 1357 Infinitivuu
465 1311 656 1348 historicus
677 1325 758 1348 cum
780 1314 889 1347 verbo
911 1312 1010 1347 finito
1030 1312 1180 1355 iunctus,
1203 1313 1242 1348 Ο.
1265 1313 1322 1356 22,
1343 1314 1379 1350 2.
1445 1320 1450 1326 “

243 1370 443 1416 Infinitivne
462 1369 737 1406 historicuffubi
759 1383 827 1405 non
849 1370 958 1415 possit
980 1382 1061 1404 cum
1083 1370 1237 1414 perfecto
1257 1372 1414 1416 misceri,
1435 1374 1463 1409 1.
1489 1374 1546 1418 18,
1569 1375 1628 1411 12.

244 1427 440 1473 Infinitivus
460 1427 648 1463 historicus
668 1429 762 1463 male
783 1428 820 1464 iu
843 1429 1036 1472 perfeetum
1061 1432 1255 1473 oorruptus,
1278 1430 1308 1466 Ι.
1330 1429 1389 1474 67,
1410 1431 1445 1466 2.

168 1512 171 1514 -
243 1485 442 1532 Infinitivus
462 1484 653 1521 historicus
675 1486 796 1521 addito
819 1487 935 1521 iubere
956 1487 1067 1521 verbo
1092 1491 1288 1531 con-uptun,
1308 1489 1335 1525 1.
1351 1487 1410 1531 76,
1425 1488 1460 1525 3.
1499 1523 1501 1525 ,

244 1544 460 1592 Infinitivum
481 1542 690 1580 histor-ioum
712 1543 842 1588 excipit
864 1543 1121 1587 imperfectum,
1145 1545 1186 1580 G.
1199 1545 1256 1589 16,
1278 1546 1314 1582 2.
1359 1545 1417 1589 54,
1439 1547 1473 1582 4.
1517 1547 1575 1593 56,
1591 1548 1626 1584 4.

335 1601 395 1647 60,
418 1601 454 1636 4.
502 1601 528 1638 1.
553 1601 611 1645 15,
631 1602 666 1639 2.
714 1601 773 1646 30,
794 1601 828 1637 3.
876 1600 935 1643 32,
957 1601 992 1635 3.
1038 1600 1096 1643 43,
1111 1601 1146 1635 4.

241 1663 414 1710 Infinitivi
439 1660 601 1698 historici
632 1661 702 1695 duo
733 1659 920 1705 pendentes
950 1669 993 1693 ex
1014 1659 1198 1704 particulis
1228 1662 1417 1698 non‘seeus
1439 1669 1564 1711 atque,
1598 1667 1626 1703 Ι,

333 1721 416 1763 100,
439 1720 474 1755 4.

240 1781 438 1827 Infinitivus
469 1788 571 1815 esse
599 1775 663 1812 ubi
685 1775 898 1819 abiiciatur,
928 1775 968 1811 C.
991 1775 1027 1819 1,
1044 1775 1080 1811 3.
1126 1776 1186 1819 20,
1207 1775 1244 1811 3.
1289 1776 1348 1822 48,
1373 1776 1409 1814 5.
1458 1779 1485 1815 1.
1508 1780 1567 1825 20,
1589 1783 1624 1817 1.

326 1838 387 1880 22,
409 1836 442 1870 1.
491 1834 551 1879 40,
574 1835 609 1869 4.

239 1896 455 1943 Infinitivum
487 1892 619 1938 passivi
641 1892 700 1930 IV.
725 1889 979 1936 coniugationis
1000 1890 1109 1927 etiam
1129 1892 1296 1927 nonnulla
1317 1893 1427 1929 vei-ha
1455 1894 1518 1931 m.
1539 1907 1625 1935 eou-

328 1952 521 2000 iugationis
540 1951 683 1994 habent,
708 1950 736 1985 1.
759 1948 819 1992 62,
839 1946 876 1982 4.

237 2016 403 2062 lugerem
423 2012 495 2048 tela
517 2009 542 2044 i.
566 2020 601 2054 q.
624 2008 747 2042 erebro
770 2006 920 2047 mittere,
944 2005 970 2039 1.
986 2003 1046 2048 60,
1068 2004 1104 2040 6.

238 2071 384 2119 Ing-redi
408 2067 541 2114 aliquid
564 2065 740 2111 quomodo
763 2064 905 2098 differat
928 2063 973 2098 ab
996 2062 1138 2109 ingredi
1158 2063 1289 2109 aliqud,
1312 2064 1339 2100 1.
1355 2064 1413 2112 42,
1431 2066 1464 2101 1.

239 2124 442 2174 Inhonestum
464 2127 490 2162 i.
511 2136 546 2170 q.
567 2122 755 2169 inglorius,
778 2121 816 2156 C.
833 2121 891 2163 20,
906 2120 941 2155 9.

239 2188 402 2227 Inimicus
425 2183 601 2229 quomodo
625 2181 768 2216 differat
790 2179 836 2214 ab
858 2179 968 2220 hoste,
990 2178 1018 2212 1.
1042 2177 1100 2220 10,
1120 2176 1156 2212 5.

240 2246 404 2282 Inimicus
425 2240 640 2277 substantive
662 2249 744 2273 cum
767 2235 886 2271 dativo
909 2235 1143 2279 coniunctum,
1166 2236 1205 2270 C.
1221 2235 1278 2280 19,
1295 2237 1329 2279 1.,

240 2303 403 2338 Inimicus
423 2303 460 2335 et
482 2299 618 2344 a'm'quus
639 2296 794 2337 confusa,
816 2294 845 2329 Ι.
869 2292 926 2336 54,
950 2292 986 2328 5.

239 2362 399 2406 Iniquum
421 2360 596 2391 certamen
619 2354 643 2388 i.
670 2365 704 2398 q.
727 2352 853 2398 impar,
875 2353 902 2387 1.
924 2349 982 2395 54,
1005 2350 1042 2386 5.

237 2419 343 2453 Initio
370 2415 442 2450 alio
465 2424 567 2448 sensu
587 2411 715 2446 dicitur
737 2422 844 2455 quum
867 2411 910 2445 ab
933 2411 1049 2454 initio,
1072 2409 1097 2443 1
1125 2409 1182 2450 29,
1197 2409 1230 2454 2

240 2475 394 2511 Iniuriae
417 2472 563 2507 alicuius
583 2470 608 2509 i
627 2481 660 2515 q.
684 2468 834 2503 iniuriae
855 2467 963 2504 aiicui
985 2468 1119 2511 illatae,
1147 2467 1188 2501 C.
1210 2450 1269 2509 52,
1284 2467 1320 2505 6.

239 2533 376 2567 Ιηίιιεευ
397 2541 466 2575 qua
489 2528 655 2573 analogia
676 2527 818 2570 dictum,
842 2527 870 2561 1.
887 2526 922 2569 2,
936 2525 971 2560 4.
1016 2524 1075 2567 39,
1089 2524 1123 2558 2.

240 2589 442 2626 Ιηηοοεηιία
463 2585 636 2621 avaritiae
656 2585 858 2635 opponitur,
881 2585 920 2618 C.
944 2583 1002 2625 12,
1018 2583 1052 2616 1.
1098 2579 1157 2626 51,
1172 2581 1210 2618 6.
1258 2582 1286 2618 1.
1300 2581 1358 2626 46,
1372 2584 1406 2619 1.

238 2645 442 2683 Innocentia
462 2643 487 2679 i.
514 2655 548 2688 q.
572 2654 713 2678 morum
734 2642 931 2687 integi-itm,
952 2641 980 2676 1.
1001 2639 1060 2683 85,
1074 2639 1109 2674 4.

241 2704 401 2740 lanarius
423 2700 541 2737 activa
563 2704 597 2735 et
622 2701 763 2745 passiva
784 2700 822 2734 vi
844 2699 987 2742 dictum,
1011 2699 1050 2732 C.
1074 2696 1134 2739 39,
1155 2697 1189 2731 2.

239 2762 364 2808 Inopia
385 2763 420 2795 et
444 2758 546 2803 copia
567 2757 739 2803 singulari
761 2758 867 2792 modo
889 2756 957 2791 sibi
980 2753 1150 2800 opposita,
1173 2754 1213 2790 C.
1235 2754 1295 2796 11,
1308 2754 1343 2798 3,v

238 2820 435 2855 Insulam
455 2814 599 2851 uomina
621 2815 795 2852 interdum
818 2814 892 2849 sine
914 2815 952 2850 in
973 2816 1159 2859 ponuntur,
1181 2812 1208 2847 1.
1230 2811 1289 2855 28,
1304 2811 1339 2850 6.
