1716 3210
209 226 300 268 212
575 221 623 270 G.
659 220 1003 268 SALLIJSTI
1042 222 1266 271 GRISPI

210 336 647 396 habuissetffiprimo
682 337 1002 399 fingere-alia,
1022 337 1314 393 ,dissimulare
1348 343 1408 389 de
1424 345 1597 394 *conia*

209 431 405 482 ratione3
449 436 602 488 post,
634 431 712 475 ubi
760 431 853 475 fide
906 431 1089 490 publica
1135 432 1288 478 dicere
1322 435 1471 481 iussus
1515 445 1596 492 est,

211 522 362 574 omnia
405 521 471 565 uti
515 527 653 582 gestu>
687 527 811 566 erant
863 523 1033 582 aperit,
1079 523 1306 584 docetque
1348 541 1397 570 se
1438 528 1595 587 paucis

208 663 398 704 admodum
429 669 513 701 nota
536 661 624 709 fuit,
661 668 751 701 unde
775 667 906 702 multae
928 666 964 702 in
987 661 1216 704 deterioribus
1239 663 1338 706 codd.
1372 664 1595 708 inveniuntur

206 725 369 760 lectionis·
389 724 658 769 discrepantiae,
681 736 767 769 quas
799 736 1004 759 enumerare
1025 727 1206 770 nolumus,
1230 729 1380 774 vulgata
1400 723 1540 776 integra
1561 736 1596 766 et

207 784 292 829 satis
312 784 473 832 ⁷firmata.
531 784 570 817 ln
603 782 773 817 eiusmodi
806 782 899 816 enim
931 784 1230 819 enunciationihus
1252 786 1424 830 posterior
1446 788 1596 822 interro—

206 842 306 887 gatio
330 841 402 875 levi
424 841 578 884 quadam
601 840 807 875 attractione
829 839 873 873 ad
895 839 1047 882 priorem
1069 841 1121 876 ita
1143 843 1315 886 refertur,
1345 847 1385 879 ut
1407 844 1438 879 si
1460 849 1594 880 utram-

205 910 274 944 que
305 898 506 944 disiungere
538 897 624 932 velis
666 897 975 932 demonstrativum
1006 898 1043 931 in
1075 900 1188 934 altero
1230 901 1392 936 membro
1431 902 1477 937 sit
1507 915 1590 948 sup-

206 956 394 1002 plendum,
430 956 522 1000 quod
546 955 683 990 eortius
715 956 802 990 bene
831 955 921 989 vidit
952 955 988 990 in
1010 956 1172 990 Excursu
1190 957 1246 992 VI.
1280 958 1418 1002 12:402.
1465 960 1594 995 Noster

207 1014 322 1063 igitur
342 1015 439 1048 locus
473 1012 522 1048 sic
553 1017 605 1046 est
634 1013 836 1047 solvendus:
871 1013 954 1057 quid
986 1014 1132 1056 consili,
1157 1019 1219 1049 aut
1249 1027 1320 1060 qua
1343 1017 1386 1051 de
1409 1028 1533 1052 caussa
1555 1019 1595 1052 id

205 1072 399 1107 habuisset.
430 1071 470 1105 V.
495 1071 540 1105 ad
563 1071 692 1113 XXIII,
709 1071 743 1104 4.
779 1075 814 1105 et
837 1072 882 1105 ad
905 1071 1049 1114 XXVII,
1067 1072 1101 1106 1.
1133 1072 1210 1106 Liv.
1233 1074 1392 1116 XXXVI,
1413 1075 1449 1119 2,
1471 1076 1506 1110 1.
1539 1076 1594 1109 his

205 1132 245 1166 in
270 1132 405 1166 Senatu
428 1129 592 1172 decretis,
627 1139 744 1173 quae
768 1130 895 1165 cuius
925 1130 1106 1173 provincia
1122 1132 1238 1172 foret,
1270 1130 1295 1164 i.
1320 1142 1350 1164 e.
1381 1143 1472 1175 quae
1493 1144 1593 1176 prov.

205 1193 243 1224 et
264 1190 359 1223 cuius
383 1200 426 1222 ca
449 1188 549 1221 soret.
584 1187 634 1220 Id.
657 1185 769 1227 XXX,
793 1186 852 1228 42,
869 1185 926 1220 18.
965 1187 1163 1220 Ceterorum
1188 1187 1424 1233 (legatorum)
1448 1190 1595 1224 misera*

206 1247 307 1281 bilior
329 1247 442 1281 oratio
468 1246 567 1288 suit,
601 1246 960 1278 commemorantium.-
984 1255 1024 1277 ex
1048 1245 1236 1287 quantis
1260 1245 1379 1289 opibus
1401 1258 1482 1291 qno
1505 1249 1592 1281 reei—

205 1305 337 1339 dissent
376 1302 719 1347 Carthaginiensium
748 1312 815 1334 res.
860 1301 916 1334 Cf.
949 1300 1123 1335 Matthias
1155 1302 1201 1335 ad
1233 1301 1305 1336 cic.
1337 1313 1388 1336 or.
1420 1303 1458 1338 in
1489 1304 1591 1339 Catil.

202 1362 263 1405 lv,
283 1362 318 1405 9,
335 1361 392 1402 19.
417 1359 602 1394 Heindorf.
624 1358 670 1393 ad
695 1359 784 1393 Hor.
811 1357 1076 1402 sat.11,3,201.
1101 1361 1137 1394 et
1157 1359 1321 1395 Bremius
1342 1360 1388 1396 ad
1409 1361 1496 1407 Nep.
1520 1362 1588 1398 Ti-

203 1421 290 1455 mol.
312 1420 358 1462 11,
377 1419 411 1461 2,

219 1470 222 1473 ’
288 1478 366 1522 fide
386 1474 551 1522 publica]
590 1474 736 1519 Aliquot
758 1474 858 1509 codd.
883 1477 963 1519 post
983 1474 1142 1519 publica,
1174 1474 1238 1510 alii
1259 1477 1338 1520 post
1357 1477 1437 1521 fide
1459 1477 1591 1513 addunt

202 1536 314 1578 data,
350 1535 442 1579 quod
473 1544 610 1567 meram
644 1533 799 1577 glossam
831 1542 904 1566 esse
938 1531 1086 1566 ostendit
1113 1536 1191 1567 tum
1221 1533 1344 1567 varius
1375 1533 1448 1568 eius
1478 1535 1588 1578 locus,

202 1598 279 1628 tum
302 1593 535 1637 plurimorum
558 1591 755 1632 librorum,
789 1589 826 1623 in
849 1589 976 1633 quibus
1008 1590 1124 1633 abest,
1155 1601 1352 1625 consensus.
1399 1592 1588 1636 Perper-am

201 1655 322 1686 autem
346 1650 505 1692 Cottius,
538 1648 695 1694 Longius
718 1650 754 1680 et
779 1646 991 1682 Gerlachius
1013 1648 1121 1691 data,
1154 1649 1248 1692 quod
1269 1647 1371 1682 libris
1394 1648 1588 1693 damnatur,

201 1709 247 1744 ad
278 1713 490 1743 structuram
521 1705 775 1750 expediendam
805 1704 960 1749 suppleri
987 1706 1120 1740 volunt.
1193 1706 1447 1749 Praeterquam
1482 1707 1588 1749 euim,

200 1767 296 1811 quod
318 1777 429 1810 neque
451 1764 615 1808 loquendi
637 1774 725 1804 usu,
759 1774 870 1807 neque
893 1763 966 1796 alio
988 1763 1116 1797 indicio
1136 1763 1382 1808 cognoscitur,
1415 1763 1504 1798 datu
1527 1775 1588 1800 co—

199 1823 370 1869 gitatione
400 1822 646 1857 assumendum
678 1831 774 1861 esse,
805 1821 883 1864 fide
911 1820 1052 1864 publica
1089 1820 1240 1855 ablativi
1282 1821 1398 1856 forent
1434 1821 1589 1857 absoluti

199 1882 297 1927 nullo
320 1881 425 1916 modo
448 1880 582 1914 ferendi
596 1903 606 1921 ,
640 1878 814 1922 planeque
836 1876 968 1911 diversi
989 1878 1033 1911 ab
1057 1876 1122 1920 iis,
1157 1889 1245 1921 quos
1267 1878 1519 1922 explicavimus
1541 1880 1588 1915 ud

198 1951 230 1973 c.
251 1940 314 1982 XI,
334 1938 375 1977 4„
397 1941 432 1972 et
453 1937 616 1978 XXXIX,
633 1936 668 1971 3.
724 1935 853 1970 Nostro
877 1938 995 1969 autem
1025 1935 1107 1970 loco
1129 1936 1253 1970 ablatt.
1278 1947 1350 1970 non
1373 1940 1452 1972 sunt
1474 1936 1586 1973 instar

198 1984 450 2030 enunciationis
473 1996 651 2041 integrae,
682 1994 743 2028 sed
766 1993 813 2027 ad
835 1993 984 2027 verbum
1012 1993 1207 2037 pertinent,
1238 1992 1291 2028 ita
1323 1997 1363 2029 ut
1384 1994 1507 2028 modus
1529 1995 1586 2029 da·-

195 2055 296 2089 cendi
318 2053 503 2096 indicetur,
524 2053 627 2097 quasi
648 2051 783 2086 dictum
806 2051 897 2084 foret
919 2061 996 2084 cum
1010 2051 1085 2094 fide
1105 2051 1265 2096 publica;
1284 2052 1329 2085 cf.
1349 2051 1396 2086 ad·
1416 2063 1447 2085 c.
1465 2052 1585 2094 XLVI,

195 2112 231 2147 6.
254 2116 290 2147 et
313 2113 450 2156 Zumpt.
474 2111 634 2146 Gramm.
657 2104 737 2144 Lat:
760 2111 793 2152 §.
816 2108 874 2151 74,
893 2108 949 2142 11.
974 2120 1008 2153 p.
1031 2109 1114 2144 363.
1168 2108 1273 2143 Fides
1295 2112 1416 2143 autem
1442 2109 1585 2152 publica

194 2174 245 2205 est
268 2169 456 2214 promissio
479 2167 631 2203 civitatis
662 2166 869 2201 auctoritate
891 2166 1004 2209 facta,
1027 2166 1181 2210 aliquem
1204 2164 1382 2209 impunem
1405 2170 1510 2210 atque
1531 2177 1587 2203 ιο·-

193 2239 318 2262 curum
338 2216 430 2263 fore.
462 2227 517 2261 (Ξῖ.
542 2237 573 2262 c.
591 2224 747 2265 XLVIII,
764 2223 799 2258 4.
822 2224 901 2269 lug.
922 2224 1067 2265 XXXII,
1086 2223 1120 2256 1.
1140 2227 1176 2257 et
1190 2221 1226 2256 5·
1249 2223 1392 2266 XXXV,
1410 2224 1444 2259 7,

285 2287 449 2331 docetque
482 2284 538 2329 se]
591 2283 748 2317 Verbum
781 2293 863 2316 cum
896 2282 1022 2326 copula
1051 2280 1090 2315 in
1112 2279 1196 2314 Bae.
1218 2279 1252 2315 1.
1283 2282 1406 2316 abesse
1434 2285 1583 2318 tutatur

191 2343 352 2387 Cortiu33
386 2341 617 2383 Ger-lachim,
634 2339 700 2379 ,cui
722 2339 759 2374 in
781 2351 824 2374 ea
845 2351 886 2374 re
908 2339 1022 2374 maior
1044 2338 1149 2379 fides,
1183 2337 1226 2371 de
1257 2338 1351 2373 libro
1382 2339 1582 2375 Basileensi

191 2403 306 2443 tacet,
341 2401 402 2435 sed
435 2401 471 2435 in
502 2401 609 2435 Bern.
634 2397 670 2432 3.
703 2409 742 2436 so
771 2401 891 2432 monet
919 2402 1105 2441 utramque
1137 2406 1262 2430 vocem
1293 2408 1364 2437 non
1395 2397 1577 2433 iuvenisse.

189 2459 278 2494 utut
300 2462 362 2501 est,
379 2458 528 2499 ,Cottius
550 2456 645 2505 male
668 2455 832 2500 docetque
855 2454 1030 2499 expunxit,
1052 2453 1172 2497 inepta
1194 2453 1331 2488 ratione
1355 2466 1448 2496 usus,
1468 2457 1577 2490 verbo

187 2517 302 2562 aperit
324 2517 395 2551 hoc
416 2516 491 2551 iam
512 2512 693 2555 contineri.
741 2512 964 2556 Quamquam
986 2515 1104 2546 autem
1127 2511 1251 2556 negari
1274 2513 1413 2556 nequit,
1438 2513 1476 2547 id
1498 2514 1578 2548 fieri

184 2581 298 2616 Posse,
314 2578 431 2610 tamen
454 2574 618 2617 docetque
641 2581 710 2605 non
727 2571 832 2614 plane
853 2570 1002 2605 otiosum
1025 2572 1088 2611 est,
1101 2568 1274 2613 siquidem
1295 2570 1365 2604 hoc
1384 2571 1492 2605 verbo
1515 2571 1579 2607 ad·-

184 2631 259 2667 dito
274 2632 387 2667 oratio
410 2631 460 2667 ita
481 2630 651 2671 variatur,
661 2631 700 2662 nt
723 2629 838 2672 aperit
857 2638 934 2662 rem
957 2626 1117 2660 universe
1135 2623 1416 2671 comprehendat,
1433 2639 1479 2663 ac
1496 2639 1577 2662 ver·-

183 2690 231 2725 bo
244 2690 408 2736 docetque
424 2689 470 2724 ud
492 2699 571 2723 eam
594 2684 789 2723 accuratius
805 2684 1040 2728 exponendam
1057 2687 1322 2719 trumentum——
1344 2685 1456 2720 Porro
1478 2686 1580 2720 nulla

180 2758 306 2785 caussa
337 2750 409 2791 est,
440 2757 503 2782 cur
535 2756 620 2780 cum
649 2741 768 2780 Cottio
801 2754 859 2786 se,
889 2741 981 2787 qnod
1012 2741 1048 2776 in
1071 2741 1147 2776 solo
1169 2742 1278 2778 Acnd.
1310 2746 1347 2778 et
1370 2742 1486 2777 Guelf.
1516 2743 1574 2778 1⁰.
