1716 3210
247 232 307 276 66
861 221 1036 266 mnnx

250 341 499 379 Praedicatum
520 348 603 373 cum
623 336 664 372 vi
687 334 940 382 praemissum,
962 333 994 372 1.
1016 332 1078 378 82,
1097 332 1133 370 2.
1178 331 1238 379 85,
1257 331 1319 369 34.

251 398 460 436 Praedicere
481 396 506 432 i.
531 408 565 440 q.
589 395 731 436 iubere,
754 395 782 429 1.
804 392 865 438 75,
886 392 925 431 5.

252 457 441 494 praeditus
463 453 623 500 imperio,
647 454 686 487 G.
708 451 769 498 51,
795 452 854 487 12.

253 516 417 558 Praeesse
440 513 601 548 absolute
623 511 786 555 positum,
810 510 851 544 C.
876 507 935 552 51,
958 507 1018 543 28.

253 573 459 616 Praefectus
480 570 517 605 in
539 581 580 604 re
595 568 743 603 militari
766 566 975 613 intelligitur
997 566 1150 611 equitum
1169 564 1351 608 sociorum,
1373 564 1415 600 G.
1437 563 1498 609 59,
1512 564 1549 600 6.

254 630 451 675 Praeficere
476 627 637 663 absolute
659 626 824 670 positum,
849 626 889 659 C.
912 624 973 669 51,
1000 623 1060 658 28.

254 687 455 724 Praemium
477 684 502 720 i.
525 687 561 729 ‘q-
585 684 822 728 commodum,
841 683 880 717 C.
903 681 963 726 41,
987 681 1022 718 1.

254 745 474 781 Praemissae
497 742 728 787 explicativae
751 740 943 776 sententiae
965 740 999 774 ei
1021 739 1086 782 rei,
1110 749 1202 784 quae
1223 737 1431 784 explicatur,
1452 738 1480 773 1.
1503 737 1541 781 7,
1562 734 1597 771 l.

255 802 489 838 Praenomina
512 800 576 835 ubi
598 811 667 834 nou
691 799 907 840 omittantur,
931 798 958 835 1.
983 796 1042 840 43,
1065 796 1101 832 1.

255 860 477 906 Praeparare
499 862 535 893 ot
554 869 744 904 properare
766 857 925 898 confusa,
947 855 977 890 1.
999 854 1059 896 31,
1073 853 1112 890 4.
1159 863 1161 865 ’

256 917 535 964 praepositiones
555 916 618 951 ubi
640 915 752 961 repeti
774 915 938 957 debeant,
961 914 1001 948 C.
1024 913 1084 955 49,
1107 911 1144 948 1.
1188 911 1219 946 Ι.
1242 911 1301 954 13,
1324 909 1362 948 3.

258 975 475 1022 Praepositio
507 985 577 1010 non
615 974 759 1010 additur
785 970 1012 1008 substantivis
1039 969 1244 1006 verbalibus
1275 969 1313 1004 in
1334 980 1406 1003 -ιι
1427 965 1645 1008 exeuntibus,

223 1041 226 1044 ’
349 1033 390 1068 (3.
413 1032 473 1076 42,
495 1031 530 1068 3.

258 1091 535 1138 praepositiones
557 1088 596 1124 vi
618 1086 878 1130 adverbiorum,
899 1087 926 1122 1.
950 1084 987 1130 5,
1009 1085 1046 1124 3.

259 1149 540 1195 Praepositiones
561 1146 755 1182 nonnullae
775 1155 861 1181 enm
882 1143 1083 1179 nominibus
1113 1144 1188 1180 sine
1209 1143 1313 1180 verto
1335 1141 1501 1184 iunctae,
1531 1138 1562 1173 1.
1589 1137 1648 1180 54,

259 1204 557 1311 Βαοῗιοείῗίίηεῒ
563 1260 707 1296 urbium
729 1259 930 1295 nominibus
952 1259 1106 1300 additae,
1129 1257 1170 1292 C.
1185 1256 1244 1299 40,
1268 1254 1303 1291 5.
1350 1255 1380 1294 1.
1405 1256 1462 1299 61,
1485 1254 1523 1290 1.

260 1322 541 1369 Praepositiones
571 1320 610 1354 in
642 1322 678 1354 et
710 1330 751 1353 ex
788 1318 868 1352 voci
890 1319 1013 1354 domus
1042 1328 1125 1352 cum
1147 1315 1324 1351 adiectivo
1355 1315 1560 1350 coniunctae
1580 1321 1651 1346 non

352 1380 537 1422 adduntur,
561 1377 590 1412 1.
612 1375 672 1418 66,
694 1375 731 1410 3.
777 1374 837 1418 ⁷6,
859 1375 896 1411 6.

261 1437 541 1483 Praepositiones
562 1434 721 1482 genitivo
744 1432 943 1479 appositae,
965 1432 1096 1469 omisso
1121 1432 1220 1468 aedis
1240 1431 1300 1467 vel
1318 1431 1440 1477 templi
1459 1416 1650 1469 vocabulo,

385 1494 480 1538 .49,
503 1492 539 1529 5.

263 1552 541 1600 Praepositiones
571 1550 647 1587 sine
679 1549 842 1592 nomine,
878 1559 923 1584 ex
953 1548 1237 1584 antecedentibus
1259 1540 1474 1593 supplendo,
1494 1543 1652 1592 genitivo

353 1610 549 1656 appositae,
571 1610 602 1644 Ι.
626 1608 685 1651 92,
707 1607 742 1643 4.

262 1669 544 1716 Praepositiones
571 1667 611 1702 vi
641 1665 800 1702 adverbii
834 1664 997 1701 absolute
1026 1664 1164 1710 positae
1193 1663 1304 1700 instar
1324 1661 1578 1699 enuntiationis
1597 1671 1652 1698 se-

357 1726 546 1762 cundariae
570 1727 660 1765 sunt,
682 1725 710 1759 1.
733 1723 792 1766 ⁷6,
808 1721 844 1759 5.

265 1783 566 1830 praepositionum
588 1782 723 1827 ellipsis
746 1782 846 1816 nullu.
869 1784 931 1824 est,
955 1781 994 1816 C.
1018 1780 1079 1824 31,
1102 1780 1140 1817 3.

266 1842 568 1888 Praepositionum
589 1840 813 1884 anastrophe,
833 1838 863 1875 Ι.
887 1838 969 1883 101,
990 1837 1027 1874 8.

267 1900 438 1936 Praesens
459 1899 485 1933 i.
509 1910 544 1943 q.
567 1899 708 1940 efficax,
731 1898 770 1933 C.
794 1896 852 1940 51,
875 1896 932 1931 19.

268 1958 438 1994 Praesens
458 1957 551 1992 inter
574 1957 644 1991 duo
667 1955 874 2000 imperfecta
894 1965 970 1988 oese
991 1952 1124 1998 nequit,
1147 1952 1187 1988 0-
1211 1951 1269 1995 40,
1285 1951 1321 1986 1.

269 2017 438 2065 Praesens
460 2019 496 2051 et
517 2015 757 2060 imperfectum
789 2013 828 2048 in
849 2011 1039 2048 bimembri
1063 2010 1306 2046 enunciatione
1326 2009 1468 2055 aequali
1491 2008 1575 2055 poni
1595 2020 1654 2044 ne·

361 2074 448 2120 quit,
470 2074 501 2110 1.
523 2071 583 2116 33,
605 2070 642 2107 4.

270 2133 451 2177 Praesens,
472 2140 679 2177 praegresso
698 2127 920 2173 imperfecto,
943 2137 986 2162 ex
1005 2125 1182 2172 praesenti
1202 2126 1366 2171 pendens,
1389 2123 1504 2169 C.34,
1529 2124 1564 2159 1.

273 2192 442 2228 Praesens
463 2187 591 2233 excipit
613 2186 810 2222 infinitivus
834 2185 1034 2228 historicus,
1062 2186 1102 2220 C.
1123 2184 1180 2229 16,
1204 2185 1240 2220 2.

273 2248 445 2285 Praesens
466 2246 669 2282 historicum
691 2256 770 2280 eum
794 2244 949 2289 perfecto
971 2243 1215 2287 coniunctum,
1238 2243 1278 2278 C.
1304 2241 1376 2287 20,
1399 2241 1434 2277 1.
1480 2240 1511 2276 1.
1536 2241 1600 2284 12,
1621 2240 1658 2276 4.

363 2305 481 2349 20,1.
528 2303 587 2348 26,
610 2302 646 2339 3.
693 2300 752 2346 34,
774 2301 828 2336 2.'
853 2299 913 2346 35,
938 2300 976 2337 4.

275 2363 443 2401 Praesens
465 2363 665 2399 historicum
687 2372 711 2397 a
731 2360 855 2397 scribis
876 2359 914 2395 in
939 2361 1132 2406 perfeetum
1155 2361 1354 2404 mutatum,
1386 2357 1414 2393 1.
1437 2356 1496 2403 29,
1519 2355 1555 2393 5.
1598 2354 1658 2400 58,

364 2422 402 2459 5.
447 2421 506 2465 80,
526 2422 563 2458 2.

277 2479 460 2515 Praesenti
485 2478 650 2515 historico
671 2475 897 2522 subiungitur
918 2475 1158 2511 coniunctims
1179 2473 1393 2519 imperfecti,
1416 2475 1456 2510 G.
1470 2473 1529 2519 34,
1552 2475 1588 2512 1.

278 2536 478 2572 Praesentis
497 2536 738 2571 coniunctivus
769 2545 814 2569 ex
846 2534 1002 2579 perfecto
1027 2532 1159 2569 noristo
1187 2533 1358 2579 pendens,
1389 2533 1430 2569 C.
1451 2531 1522 2576 41,
1549 2531 1583 2568 5.
1630 2532 1659 2568 1.

368 2593 485 2636 28,1.

279 2650 478 2688 Pmesentis
499 2650 690 2687 infinitivus
709 2661 775 2696 pro
798 2648 971 2685 infinitivo
992 2648 1116 2691 futuri,
1139 2648 1168 2683 Ι.
1191 2648 1251 2694 33,
1273 2647 1309 2684 3.

282 2708 481 2745 Praesentis
501 2709 723 2755 participium
745 2719 816 2745 non
849 2708 990 2754 ponitur
1017 2707 1057 2743 vi
1085 2707 1252 2753 perfecti,
1285 2703 1317 2742 1.
1350 2705 1421 2749 10,
1450 2704 1487 2740 2.
1531 2703 1602 2747 62,
1623 2704 1658 2740 1.

372 2765 510 2810 106,1.

284 2824 492 2862 stae-ertia
514 2835 618 2871 quum
639 2827 676 2861 et
697 2834 800 2871 qiman
819 2824 1039 2871 praesertim,
1062 2824 1102 2859 C.
1126 2821 1185 2867 51,
1208 2821 1265 2859 19.
1311 2823 1338 2858 Ι.
1361 2821 1396 2865 2,
1415 2819 1457 2857 4.
