1716 3210
285 222 317 263 8
882 217 1060 262 INDEX

285 331 469 368 Ablativus
489 328 564 365 loci
589 332 625 367 et
647 330 815 377 temporis
835 331 928 367 unde
949 331 1166 376 repetendus,
1187 331 1217 368 1.
1240 332 1300 378 30,
1321 333 1358 371 3.
1401 336 1461 380 64,
1485 336 1520 372 4.
1599 378 1601 380 ,

286 390 468 425 Ablativus
491 387 561 422 loci
582 399 651 423 uon
667 400 747 423 cum
770 390 892 424 ablatt.
909 390 1032 424 absoll.
1055 390 1326 435 confundendus,
1348 393 1378 429 1.
1400 394 1457 438 52,
1480 396 1516 431 3.
1547 417 1550 420 «

285 447 471 482 Ablatimu
492 445 565 480 loci
587 446 625 480 in
644 446 936 490 praepositionem
951 447 1098 493 respuit,
1120 448 1183 483 ubi
1200 449 1372 486 adiectivu
1388 456 1492 496 totus,
1515 457 1667 498 cunctus,

374 505 560 549 plerusque
581 503 770 546 habentur,
793 504 821 538 1.
844 504 904 547 79,
921 504 957 539 2.

286 562 469 597 Ablativus
502 560 673 606 temporis
709 561 886 607 quomodo
917 562 1059 598 differat
1087 572 1111 598 a
1136 567 1218 608 post
1254 564 1510 611 praepositione
1539 566 1669 611 addita,

398 647 408 657 .
433 619 475 653 11
542 643 552 653 .

284 620 471 713 Αὸῐαέίυιιε
479 618 542 711 ἐξ
564 674 731 721 temporis
754 674 1017 718 continuitatem
1038 675 1305 724 significandam
1328 679 1526 726 adhibitus,
1548 682 1589 719 C.
1612 681 1672 728 59,

286 732 665 835 Ablagsuhissptris
685 800 749 835 pro
772 790 868 825 intra
891 802 923 828 c.
946 801 1060 826 accus.
1085 792 1114 827 1.
1136 792 1194 835 11,
1217 793 1264 827 2.·
1290 784 1292 788 ’

287 851 472 885 Ablativus
495 849 593 884 modi
613 859 685 884 uon
706 859 787 882 cum
811 848 920 884 ablat.
944 849 1111 894 temporis
1133 851 1403 894 confundendus,
1427 853 1465 888 C.
1485 852 1548 896 51,
1569 853 1605 889 4.

287 909 472 943 Ablatiuus
494 906 588 942 modi
613 917 683 951 qua
697 916 738 942 re
758 905 900 941 differat
923 917 945 942 a
968 919 1044 942 cum
1066 906 1320 952 praepositione
1341 909 1473 954 addita,
1501 911 1531 947 1.
1555 911 1614 956 53,
1636 912 1673 950 7.

380 966 441 1008 64,
464 965 500 1002 5.
546 963 605 1004 65,
626 963 662 999 3.
708 963 788 1005 106,
811 962 848 998 4.

289 1024 495 1067 Ablativus,
529 1033 599 1067 quo
623 1021 659 1055 in
682 1020 943 1064 comparatione
973 1020 1213 1068 significatur,
1248 1029 1414 1069 quantum
1445 1037 1515 1061 una
1545 1038 1601 1062 res
1623 1027 1677 1062 al-

379 1084 494 1116 teram
516 1083 672 1124 superet,
704 1078 880 1114 interdum
903 1090 984 1114 cum
1007 1081 1206 1116 accusativo
1229 1087 1487 1127 commutatur,
1518 1084 1557 1119 C.
1581 1084 1618 1128 8,
1638 1085 1675 1119 2.

290 1137 492 1232 Αὖῑατίυιειῗ
504 1137 803 1230 sffistantivomm
835 1193 1033 1229 verbalium
1067 1194 1143 1229 siue
1175 1195 1490 1241 praepositionibus
1525 1197 1678 1256 ponitur,

382 1254 423 1288 C.
448 1253 507 1296 42,
530 1252 566 1287 3.
611 1253 641 1287 1.
665 1252 703 1296 2,
727 1251 763 1286 4.

290 1311 475 1347 Ablativus
498 1310 594 1346 solus
617 1308 692 1344 sine
713 1309 757 1343 ab
779 1318 939 1354 praepos.
962 1308 1100 1345 nonnisi
1117 1312 1212 1346 certa
1235 1309 1437 1353 condicione
1458 1312 1503 1348 de
1520 1310 1680 1360 persensa

384 1367 546 1414 usurpari
561 1369 684 1411 potest,
709 1367 737 1401 1.
761 1366 820 1410 21,
844 1365 880 1401 3.
925 1366 984 1409 94,
1006 1366 1040 1402 3.

292 1427 477 1462 Ablativus
499 1426 629 1470 omissa
650 1437 725 1459 cum
747 1435 907 1469 praepos.
939 1424 1003 1460 ubi
1037 1425 1081 1461 de
1110 1426 1263 1465 exercitu
1296 1427 1438 1473 agitur,
1473 1427 1514 1463 C.
1544 1427 1612 1472 57,
1643 1427 1680 1464 4.

384 1483 498 1526 14,6
521 1483 555 1518 5.

295 1542 479 1578 Ablativus
503 1540 607 1576 unius
629 1539 840 1576 substantivi
865 1551 940 1575 cum
962 1540 1258 1585 praepositionem
1281 1541 1403 1589 exigit,
1425 1542 1457 1578 si
1479 1545 1681 1580 eoverbum

388 1599 547 1635 adverbii
570 1600 648 1634 loco
673 1598 846 1642 definitur,
870 1598 897 1632 1.
922 1597 980 1640 14,
1004 1598 1060 1633 15.
1106 1597 1164 1643 54,
1187 1598 1222 1633 1,

294 1659 481 1695 Ablatiuus
502 1669 586 1692 cum
608 1658 645 1692 in
668 1668 830 1702 praepos.
855 1655 1059 1691 coniunctus
1096 1656 1171 1692 vim
1192 1657 1418 1694 secundariae
1436 1659 1684 1696 enuntiationis

386 1717 507 1757 habet,
533 1716 573 1750 C.
597 1715 634 1758 2,
657 1715 714 1750 10,
758 1715 791 1750 1.
817 1714 875 1756 14,
897 1713 940 1755 5;
965 1713 1022 1748 ll.

297 1775 480 1810 Ablatt‘vus
502 1785 583 1808 cum
606 1775 643 1809 ιή
666 1784 825 1818 praepos.
840 1771 1018 1817 significat
1043 1772 1135 1817 quod
1157 1773 1296 1815 attinet,
1317 1772 1357 1807 c.
1378 1771 1439 1816 51,
1457 1772 1518 1809 35.

296 1833 480 1868 Αὺῑαιίυυε
506 1842 587 1865 cum
609 1832 646 1865 in
667 1841 826 1874 praepos.
861 1841 929 1874 qua
950 1829 1141 1864 sententiae
1160 1829 1359 1865 diversitate
1380 1842 1461 1866 cum
1484 1832 1685 1869 accusativo

387 1889 580 1934 permutari
602 1887 720 1934 possit,
745 1887 784 1921 C.
808 1887 867 1929 51,
891 1887 949 1922 21.
985 1887 1013 1922 1.
1036 1886 1094 1929 17,
1117 1886 1152 1922 3.
1197 1887 1258 1932 41,
1279 1888 1317 1923 6.

296 1948 480 1983 Ablntivus
501 1958 583 1994 cum
605 1947 641 1980 in
664 1956 823 1990 praepos.
847 1956 891 1980 ex
913 1945 1030 1979 verbis
1051 1944 1261 1989 transitivis,
1282 1946 1343 1981 sed
1365 1946 1526 1984 absolute
1546 1948 1683 1994 positis,

389 1991 551 2049 pendens,
575 2003 614 2040 G.
637 2003 673 2049 9,
694 2003 730 2038 2,
776 2002 836 2045 51,
857 2002 915 2037 25.
939 2003 966 2037 1.
988 2001 1025 2045 6,
1046 2001 1083 2037 3.

297 2063 482 2099 Ablativns
513 2072 595 2096 cnm
626 2062 663 2096 ἰη
693 2070 852 2106 praepos.
883 2060 946 2095 ubi
983 2071 1052 2095 uon
1093 2059 1203 2105 possit
1241 2060 1322 2096 loco
1356 2062 1550 2098 accusativi
1588 2065 1683 2111 poni,

387 2121 416 2155 1.
438 2119 474 2164 5,
497 2119 555 2155 4.

299 2178 481 2213 Ablativus
502 2175 710 2211 substantivi
736 2187 819 2210 cum
849 2174 1024 2211 adiectivo
1056 2174 1230 2212 coniuncti
1251 2176 1327 2212 vim
1350 2177 1495 2215 sustinet
1515 2134 1684 2226 simplicis

390 2234 567 2278 adiectivi,
590 2235 618 2269 1.
642 2234 701 2279 ⁷⁰,
724 2233 759 2268 2.
804 2232 863 2276 79,
885 2232 921 2269 3.

300 2293 483 2328 Ablatiuus
506 2297 609 2338 aptus
631 2304 674 2327 ex
699 2293 893 2336 anteferre,
915 2292 943 2326 1.
969 2291 1027 2333 16,
1049 2290 1085 2326 3.
1643 2338 1646 2342 .

301 2352 487 2387 Ablativus
509 2362 578 2395 qua
601 2351 736 2386 ratione
759 2361 838 2384 cum
854 2350 1030 2393 secundus
1042 2358 1129 2383 voce
1150 2347 1392 2394 coniungatur,
1411 2349 1521 2395 1.2-17‚‹
1542 2350 1595 2387 532
1662 2348 1665 2351 Ὗ

300 2409 541 2444 Ablativorum
565 2410 708 2444 duorum
731 2408 767 2442 in
791 2408 914 2442 eadem
935 2406 1176 2442 enunciatione
1197 2405 1340 2440 diversa
1359 2408 1496 2454 relatio,
1517 2410 1546 2445 1.
1567 2409 1624 2455 13,
1647 2411 1683 2446 2.

301 2467 466 2501 Ablativo
489 2466 655 2502 distantia
678 2467 827 2501 duorum
848 2462 1008 2500 locorum
1030 2461 1243 2510 designatur,
1265 2464 1293 2499 1.
1317 2463 1377 2507 75,
1398 2465 1436 2501 2.

302 2524 484 2558 Ablatt'vus
507 2523 773 2569 participiorum
796 2523 834 2558 in
857 2535 943 2558 -ns
965 2522 1101 2567 quando
1123 2521 1161 2555 iu
1181 2523 1196 2556 z·
1217 2527 1327 2562 exeat,
1345 2523 1375 2557 1.
1398 2522 1456 2567 73,
1477 2523 1512 2560 3.

301 2582 458 2616 Λὸῑαιίυί
483 2583 632 2618 absoluti
654 2594 744 2627 quae
765 2581 811 2616 sit
832 2579 1000 2626 primaria
1022 2582 1186 2624 potestas,
1210 2581 1250 2617 C.
1273 2580 1332 2626 41,
1356 2581 1392 2617 3.
1413 2600 1417 2601 ’

302 2639 484 2673 Ablativus
508 2641 680 2675 absolutus
703 2639 811 2674 solius
825 2638 1013 2684 participii,
1037 2638 1076 2672 G.
1101 2636 1158 2679 41,
1181 2636 1218 2690 5.

302 2697 484 2731 Ablativus
507 2698 682 2733 absolutus
704 2696 868 2732 adiectivi
889 2708 970 2731 cum
993 2696 1162 2732 substant.
1186 2695 1386 2739 coniuncti,
1395 2696 1434 2731 G.
1455 2696 1513 2740 11,
1523 2696 1556 2734 4.
1579 2695 1637 2740 39,
1645 2696 1681 2733 3.

396 2752 453 2795 46,
477 2752 512 2789 5.
560 2754 676 2796 47,1.
722 2754 868 2797 1.4,7.
913 2753 971 2796 43,
994 2753 1031 2790 6.

306 2811 489 2847 Ablativus
512 2813 687 2849 absolutus
707 2812 915 2848 substantivi
936 2815 972 2848 et
993 2813 1050 2848 hic
1074 2811 1302 2857 pronominis,
1324 2812 1351 2849 1.
1378 2810 1422 2855 4
1435 2811 1471 2846 7.
