1716 3210
242 235 328 276 124
587 229 633 270 C.
664 227 1014 269 SALLUSTI
1044 227 1276 272 CRISPI

229 362 446 410 sperans,
493 345 528 388 si
562 344 821 403 designatus
866 342 1004 398 foret,
1049 343 1183 391 facile
1217 360 1265 391 se
1299 360 1355 391 ex
1385 345 1617 394 voluntate

188 446 217 486 2
237 440 436 486 Antonio
480 451 674 482 usurum.
743 435 904 493 Neque
946 435 1114 481 interea
1143 436 1332 495 »quietus
1375 445 1491 494 erat,
1536 437 1618 483 sed

239 531 445 577 omnibus
498 527 645 573 modis
686 526 864 571 insidias
919 527 1110 586 parabat
1151 526 1371 576 Ciceroni.
1459 529 1619 588 Neque

237 623 306 669 illi
337 628 489 667 tamen
521 620 582 666 ad
616 618 865 666 cavendum
899 618 1030 663 dolus
1078 625 1155 663 aut
1194 621 1393 666 astutiae
1411 620 1620 675 deerant3

191 721 219 761 3
244 729 440 773 namque
474 729 502 758 a
533 711 758 773 principio
793 709 1043 756 consulatus
1067 711 1147 766 sui,
1181 712 1323 758 multa
1355 713 1620 773 pollicendo

235 821 322 866 per
373 805 606 860 Fulviam,
673 802 909 861 effecerat,
966 807 1016 846 ut
1071 802 1130 858 Q.
1175 802 1358 864 Curius,
1415 804 1476 850 de
1525 820 1618 864 quo

235 898 394 959 paullo
443 902 546 943 ante
586 895 857 950 memoravi,
902 893 1086 939 consilia
1130 894 1351 941 Catilinae
1393 896 1475 944 sibi
1507 910 1622 957 pro-

190 994 219 1036 4
242 989 394 1043 deret3
436 987 496 1038 ad
544 987 638 1038 hoc
680 987 909 1051 collegam
951 1001 1078 1035 suum
1122 987 1367 1039 Antonium
1409 988 1622 1056 pactione

237 1157 358 1182 sensus
379 1145 474 1180 enim
495 1145 593 1180 haud
626 1144 730 1179 dubie
752 1145 814 1180 hio
836 1148 904 1180 ests
935 1156 1044 1189 quum
1066 1145 1132 1180 has
1163 1156 1221 1181 res
1253 1145 1392 1190 (arma,
1422 1144 1621 1190 pennulam,

235 1204 366 1248 socios)
390 1206 640 1248 comparasset,
664 1204 827 1248 Catilina,
855 1214 1066 1250 quamquam
1087 1204 1263 1248 superiore
1285 1215 1397 1244 anno,
1429 1201 1622 1246 (Ciceronis

236 1262 457 1307 competitor)
489 1263 664 1306 repulsam
688 1263 838 1306 tulerat,
860 1260 1103 1296 nihilomiuus
1133 1260 1171 1294 iu
1194 1272 1403 1304 proxumum
1438 1271 1495 1295 an.
1525 1269 1620 1294 eous·

235 1320 388 1365 petebat.
437 1320 492 1353 lta
514 1320 656 1354 demum
686 1324 824 1355 constat
837 1321 1066 1354 mihilominus
1097 1318 1291 1363 particulae
1314 1319 1387 1363 vis,
1419 1329 1490 1363 qua
1509 1317 1629 1363 signi--

235 1378 364 1412 ficetur
413 1376 564 1420 aliquid,
596 1378 690 1420 quod
724 1377 833 1411 alicui
867 1377 920 1412 rei
941 1377 1230 1422 impedimentum
1260 1377 1388 1412 afferre
1419 1376 1620 1418 videbatur,

235 1434 422 1479 quominus
444 1434 509 1469 illa
530 1435 630 1469 fieret
651 1446 721 1469 non
756 1434 948 1477 obstitisse3
971 1425 1114 1480 paratae
1137 1434 1231 1468 enim
1253 1432 1500 1470 coniurationis
1521 1443 1618 1477 opes,

235 1492 281 1526 de
301 1492 428 1536 quibus
450 1491 654 1535 interpretes
675 1491 893 1537 cogitarunt,
926 1504 995 1527 non
1016 1496 1175 1537 poteraut
1195 1492 1385 1527 Catilinam
1408 1492 1452 1526 de
1473 1490 1621 1535 petendo

232 1550 420 1584 consulatu
442 1550 636 1591 deterrere·
660 1548 785 1585 infelix
804 1553 922 1586 autem
942 1551 1070 1595 prioris
1094 1551 1271 1595 petitionis
1294 1560 1472 1586 suone-sus
1495 1559 1621 1593 quam-

235 1617 346 1651 quam
378 1606 506 1642 merito
547 1608 722 1642 deterrere
752 1619 834 1643 eum
866 1609 1033 1652 debebat,
1062 1613 1182 1647 tamen
1214 1598 1278 1654 pro
1308 1607 1458 1643 audacia
1487 1617 1554 1642 sua
1586 1608 1623 1641 et

235 1664 452 1709 impudentia
474 1677 544 1700 non
567 1665 743 1700 dubitavit
766 1669 896 1710 petere.

329 1725 362 1765 S.
385 1722 421 1756 2.
467 1722 565 1757 aolus
588 1728 651 1758 aut
673 1724 849 1769 astutiae]
891 1724 968 1759 Non
991 1735 1061 1769 quo
1091 1723 1129 1759 in
1152 1723 1310 1759 standan
1332 1723 1532 1765 indueoeet,
1555 1721 1619 1756 sed

236 1781 278 1815 ut
300 1779 489 1823 depelleret
510 1781 684 1818 fraudem.
738 1782 847 1816 Dolus
874 1782 988 1826 enim,
1020 1783 1113 1827 quod
1144 1782 1352 1827 interpretes
1379 1781 1452 1825 iam
1474 1782 1622 1815 annota-

237 1840 339 1881 runt,
371 1837 511 1872 mediae
540 1838 806 1884 significationis
839 1844 892 1875 est
933 1841 1169 1885 vocabulum,
1210 1840 1318 1878 etiam
1356 1849 1423 1884 pro
1466 1837 1622 1872 muenia

237 1895 412 1940 positum,
435 1900 522 1931 teste
544 1896 660 1931 Gellio
680 1898 757 1940 ΧΠ,
776 1896 811 1933 9.
841 1901 878 1933 et
898 1898 1051 1942 Ulpiano
1089 1898 1198 1944 Digg.
1222 1898 1282 1942 lv,
1299 1896 1334 1932 3.
1365 1896 1427 1941 qui
1455 1895 1542 1930 scite
1571 1894 1623 1930 im

239 1953 410 1998 disputat:
435 1957 595 1996 ‚,veteres
617 1955 738 1989 dolum
761 1955 867 1989 etiam
889 1955 1021 1990 bonum
1043 1956 1206 1990 dicebant
1230 1960 1265 1990 et
1286 1958 1351 2000 pro
1366 1953 1530 2002 ‘sollertia
1550 1952 1623 1987 hoc

238 2021 367 2049 nomen
389 2012 625 2057 accipiebant,
642 2012 804 2047 maxime
825 2013 856 2048 si
887 2014 1054 2048 adversus
1075 2014 1215 2049 hostem
1245 2014 1459 2048 latronemve
1492 2009 1622 2055 aliquis

238 2070 498 2105 machinotur.“
555 2071 705 2106 Comma
727 2075 805 2116 post
838 2072 959 2114 dolus,
984 2072 1078 2116 quod
1100 2072 1138 2107 in
1160 2071 1336 2117 plerisque
1357 2069 1519 2104 omnihus
1540 2067 1616 2103 edi-

239 2128 394 2164 tionibus
432 2131 507 2172 est,
547 2140 630 2163 cum
665 2129 854 2164 Gerlachio
894 2130 1107 2171 delevimus,
1146 2128 1229 2174 quia
1265 2125 1483 2163 substantiva
1524 2127 1622 2160 arete

241 2186 440 2222 cohaerent.
485 2186 577 2222 Nam
601 2192 666 2222 aut
695 2187 888 2232 particula,
920 2188 1029 2222 semel
1057 2186 1192 2232 posita,
1222 2197 1291 2220 non
1312 2195 1448 2229 semper
1467 2182 1624 2218 excludit

240 2244 390 2280 alterum
412 2245 645 2288 vocabulum,
675 2246 736 2279 sed
757 2245 863 2280 etiam
885 2247 989 2280 rebus
1012 2257 1080 2279 non
1102 2255 1230 2290 genere
1253 2243 1314 2277 sed
1336 2241 1452 2287 specie
1467 2240 1622 2276 ffivonis

240 2301 493 2346 coniungendis
515 2303 720 2344 adhibetur3
743 2304 789 2337 cf.
814 2303 985 2349 Heusing.
1011 2303 1056 2338 ad
1079 2302 1152 2336 Cio.
1177 2301 1250 2335 off.
1269 2301 1329 2342 111,
1346 2300 1403 2342 13,
1421 2299 1620 2345 Requaero,

241 2371 323 2393 uum
346 2360 384 2395 id
406 2361 533 2394 iniuste
566 2366 629 2396 aut
657 2362 808 2406 improbe
834 2359 991 2404 fecerit?
1036 2359 1161 2395 Noster
1190 2357 1294 2396 Catil,
1318 2370 1349 2396 e,
1370 2358 1468 2401 xm,
1484 2357 1520 2394 3.
1552 2369 1623 2394 m

234 2420 371 2461 famem
394 2423 456 2452 aut
485 2419 598 2461 sitim,
629 2429 739 2463 neque
769 2419 892 2464 frigus
919 2418 1090 2463 opperiri,
1119 2417 1182 2451 ubi
1213 2415 1369 2459 librarii,
1404 2415 1510 2450 huius
1538 2425 1623 2449 usus

240 2475 381 2521 ignari,
403 2475 439 2510 in
463 2476 583 2510 multis
604 2476 703 2511 codd.
728 2476 936 2520 scripserunt
963 2487 1031 2509 non
1054 2478 1212 2520 famem,
1235 2486 1320 2508 non
1346 2473 1463 2508 sitim,
1498 2471 1621 2508 Consi-

241 2534 320 2569 mili
341 2535 447 2568 modo
470 2534 650 2568 turbatum
674 2537 727 2568 est
747 2534 784 2568 in
808 2535 905 2568 Caes.
929 2534 972 2567 Β.
996 2533 1041 2567 G.
1059 2533 1086 2575 Ι,
1108 2533 1166 2575 13,
1180 2532 1218 2567 6.
1252 2543 1356 2576 quem
1378 2531 1496 2565 locum
1517 2529 1622 2571 oodd,

242 2591 295 2627 ita
324 2591 504 2626 exhibent:
536 2596 576 2626 ut
606 2592 722 2636 magis
753 2592 881 2627 virtute
910 2602 1015 2635 quam
1048 2591 1125 2624 dolo
1161 2590 1525 2638 contenderent,
1554 2591 1620 2621 aut

235 2650 378 2697 ,insidiis
399 2649 601 2683 niterentur.
634 2650 747 2683 Recte
766 2660 850 2683 vero
871 2659 893 2683 a
908 2647 1055 2683 Davisio
1075 2651 1110 2682 et
1120 2646 1364 2691 Oudendorpio
1380 2644 1620 2680 contenderent

242 2707 392 2744 eieemm
415 2710 487 2749 est,
518 2717 588 2751 quo
609 2706 729 2741 nativa
751 2706 909 2740 Caesaris
937 2705 1142 2750 simplicitas
1172 2714 1387 2751 magnopere
1407 2701 1620 2740 obscuraba-

242 2771 311 2805 tur.
336 2766 393 2803 cf.
417 2765 587 2809 CatilJJ,
606 2764 642 2804 4.
665 2768 700 2803 ot
723 2764 918 2800 Gernhard.
941 2763 986 2802 ad
1002 2763 1072 2800 Cic.
1093 2764 1192 2801 nael„
1215 2775 1246 2798 c.
1266 2762 1323 2805 18,
1340 2759 1400 2798 65.
1461 2759 1473 2788 [-
