1716 3210
230 221 290 262 8⁰
728 218 733 222 '
819 211 1012 255 INDEX

238 329 381 375 Ellae'pst's
411 323 560 361 subtecti
589 323 626 360 in
656 325 832 363 struma
852 323 1046 360 acmativi
1077 336 1110 362 e.
1131 325 1229 362 infin.
1263 327 1404 372 qma-lo
1423 327 1552 373 noent,
1577 327 1619 367 c.

327 386 386 428 31,
408 383 443 418 7.
490 383 521 418 1.
543 380 601 426 46,
625 380 660 418 6.
1431 414 1446 419 Μ

238 443 381 489 Ellipsis
398 439 696 486 praepositionum
717 439 817 475 nulla
836 442 900 482 est,
922 440 964 475 C.
986 439 1045 483 31,
1067 440 1103 478 3.

235 502 380 546 Ellipsie
402 499 502 534 nulla
523 501 575 533 est
597 498 725 533 aientis
746 498 845 532 verbi
864 509 1070 543 praegresso
1091 502 1254 545 negante,
1274 499 1302 535 l.
1324 498 1406 542 166
1426 499 1462 538 3.

237 558 382 603 Ellipsis
401 569 471 592 non
493 567 575 591 cum
603 557 811 592 anacolutho
835 557 1087 600 confundenda,
1109 558 1137 591 1.
1160 558 1241 599 112,
1262 556 1299 595 3.

241 617 418 660 Eloquem
444 613 619 659 quomodo
642 613 784 649 differat
806 614 852 649 ab
876 615 1005 653 diserto
1031 619 1067 649 et
1084 616 1260 658 facundo,
1280 615 1312 651 1.
1334 613 1394 660 85,
1414 613 1474 650 26.

238 672 449 719 Eloquentia
472 672 647 716 quomodo
672 672 811 706 differat
833 671 879 705 ab
902 670 1091 716 loquentia,
1115 673 1154 708 C.
1177 671 1213 717 5,
1235 670 1272 708 5.

239 730 411 766 Ementin'
436 730 612 774 quomodo
636 730 777 764 differat
799 740 822 763 a
845 728 996 763 mentiri.
1021 729 1061 763 C.
1083 728 1142 771 49,
1163 728 1199 767 4.

237 789 413 824 Emeritus
430 787 546 822 activo
572 790 608 822 et
629 786 767 831 passivo
790 798 889 820 sensu
911 785 1054 829 dictum,
1076 787 1105 822 1.
1129 786 1186 831 81,
1209 786 1246 823 2.

236 846 400 882 Emeritis
417 844 598 891 stipendiis
615 846 727 887 homo,
751 845 779 880 l.
801 844 860 886 84,
882 844 917 879 2.

235 904 404 940 Emitte-re
422 913 492 937 non
514 902 640 938 dicitur
661 913 724 947 pro
739 901 892 946 simplici
913 900 1066 944 mittere,
1083 901 1112 936 1.
1136 899 1195 944 77,
1217 899 1254 936 4.

236 962 358 998 Emori
386 960 563 995 diversum
586 971 608 996 a
630 961 728 1002 mori,
750 959 780 994 1.
804 958 861 1001 14,
887 956 947 994 24.

235 1022 293 1056 En
315 1018 413 1054 vocis
433 1018 575 1063 propria
597 1017 663 1060 vis,
685 1017 711 1052 1.
734 1015 770 1059 9,
792 1015 827 1051 2.

230 1074 300 1114 ’Ἐν
325 1076 389 1112 διοὶ
413 1076 523 1111 δυοῖν
539 1075 656 1120 figura
669 1073 784 1108 rarius
807 1072 1035 1116 admittenda,
1058 1073 1097 1108 C.
1120 1073 1156 1116 2,
1179 1072 1214 1108 2.
1261 1072 1298 1118 8,
1318 1072 1356 1109 5.
1397 1072 1425 1110 1.
1449 1071 1530 1117 107,
1539 1073 1577 1109 4.

228 1132 299 1172 Ἓν
320 1132 384 1170 διοὶ
406 1134 514 1169 δυοῖν
537 1133 599 1167 ubi
622 1133 739 1167 locum
760 1132 895 1166 habere
916 1134 1077 1175 nequeat,
1101 1131 1130 1166 Ι.
1153 1130 1211 1175 43,
1234 1128 1271 1166 4.

237 1195 341 1232 Enim
364 1203 398 1227 v.
423 1191 530 1226 etiam
553 1191 659 1226 Nam.

238 1253 344 1289 Enim
365 1251 403 1286 iu
424 1248 599 1284 nectendis
620 1246 797 1283 sententiis
820 1245 1000 1288 omissum,
1022 1245 1063 1280 C.
1087 1244 1145 1279 17.
1166 1243 1202 1279 7.
1247 1242 1307 1286 39,
1328 1245 1366 1280 4.

238 1312 343 1348 Enim
363 1306 587 1354 parenthesin
607 1305 714 1340 infert
729 1303 967 1339 antecedentia
985 1302 1229 1347 explicantem,
1246 1302 1276 1338 l.
1298 1302 1380 1347 108,
1402 1302 1440 1341 1.

234 1371 360 1408 Enisus
382 1365 522 1412 passivo
546 1374 649 1398 sensu
672 1361 817 1405 dictum,
840 1363 868 1398 1.
892 1360 950 1403 25,
974 1361 1010 1395 2.

236 1429 367 1465 Enixus
394 1435 458 1458 usu
482 1422 599 1456 differt
622 1421 667 1455 ab
690 1421 815 1462 enisus,
837 1419 865 1454 1.
889 1418 947 1460 22,
969 1419 1005 1454 2.

234 1488 288 1524 Εο
312 1494 394 1519 cum
416 1478 660 1525 comparativo
687 1489 764 1513 non.
797 1488 933 1522 semper
960 1476 1114 1513 refertur
1145 1477 1194 1514 ad
1224 1489 1312 1524 quo,
1341 1475 1405 1512 sod
1437 1475 1546 1512 etiam
1577 1474 1624 1511 ad

327 1540 428 1587 quod,
451 1539 480 1574 1.
503 1537 562 1580 31,
586 1535 643 1572 17.

237 1603 290 1639 Εο
312 1598 487 1635 interdum
510 1598 563 1630 est
585 1594 610 1629 i.
634 1605 669 1638 q.
692 1594 752 1637 ibi,
774 1594 802 1630 1.
830 1593 889 1639 60,
912 1593 947 1628 1.

237 1662 292 1696 Eo
319 1656 437 1703 magis
458 1664 564 1689 voces
585 1651 789 1687 coniunctae
810 1652 856 1686 ad
878 1652 1028 1686 verbnm
1049 1651 1260 1695 referuntur,
1281 1651 1310 1687 1.
1332 1649 1392 1694 20,
1414 1648 1452 1685 6.

237 1720 291 1754 Eo
314 1715 338 1751 i.
359 1726 395 1759 q.
419 1713 457 1748 in
482 1712 532 1753 id,
556 1711 586 1745 1.
608 1708 666 1753 75,
688 1708 726 1744 4.
1241 1696 1251 1707 ‘

237 1777 351 1820 Eques
373 1782 443 1806 vox
463 1768 527 1804 alii
549 1766 682 1802 nomini
705 1767 879 1811 apposita,
901 1768 940 1804 C.
962 1767 1022 1811 59,
1045 1767 1080 1803 L

235 1832 329 1878 Equi
354 1840 418 1874 pro
435 1827 612 1873 equitibus,
636 1825 663 1860 1.
686 1823 743 1868 49,
767 1822 802 1861 5.

238 1889 410 1936 Equidem
437 1895 507 1930 qua
529 1883 567 1918 vi
588 1887 758 1928 ponatur,
791 1883 832 1918 C.
857 1880 926 1926 51,
955 1881 1014 1920 20.
1063 1882 1166 1928 Quae
1194 1879 1384 1927 explicatio
1413 1882 1622 1918 mactatur

326 1946 355 1981 1.
380 1942 436 1986 10,
457 1940 492 1977 6.

235 2004 404 2051 Equidem
429 2012 510 2047 go,
533 2000 564 2036 1.
584 1999 642 2043 16,
664 1999 700 2038 6.

236 2063 424 2109 Equitatus
446 2057 618 2124 singulari
635 2057 787 2102 positum
802 2055 1041 2101 praedicatum
1058 2055 1169 2090 habet
1181 2053 1333 2101 plurale,
1353 2055 1381 2091 l.
1392 2054 1451 2100 91,
1462 2054 1499 2092 4.
1519 2054 1622 2100 95,1.

236 2121 425 2167 Equitatus
447 2115 577 2161 plurali
596 2126 743 2150 numero
764 2113 930 2160 positum,
951 2115 982 2150 1.
1003 2112 1064 2158 46,
1086 2113 1122 2149 7.

235 2181 328 2215 Erat
351 2188 386 2214 V.
414 2175 511 2210 Esse.

238 2239 338 2283 Ergo
363 2235 399 2270 iu
421 2232 698 2279 interrogatione
718 2231 795 2267 sine
815 2242 860 2266 ne
881 2228 1032 2274 ponitur,
1055 2227 1164 2271 1.14,
1189 2226 1226 2264 9.

238 2297 387 2340 Erigere
410 2291 587 2337 quomodo
611 2289 754 2324 differat
776 2289 822 2324 ab
847 2289 1018 2335 arrigere,
1042 2287 1080 2321 C.
1104 2286 1162 2330 39,
1185 2286 1223 2321 3.
1267 2286 1296 2322 1.
1313 2285 1381 2330 23,
1410 2286 1445 2322 1..
1492 2286 1562 2331 68,
1581 2286 1618 2323 3.

238 2354 384 2397 Eripere
407 2361 512 2394 saepe
534 2349 608 2383 sine
631 2347 752 2382 dativo
774 2356 943 2391 personae
963 2345 1113 2390 ponitur,
1135 2345 1163 2381 1.
1186 2345 1221 2388 1,
1243 2344 1282 2380 3.

239 2410 433 2445 Escendere
451 2411 486 2442 et
510 2406 694 2442 ascendere
715 2404 873 2446 confusa,
893 2403 934 2439 C.
956 2400 1073 2452 55„3.
1119 2403 1150 2438 Ι.
1173 2402 1232 2446 93,
1253 2400 1290 2439 5.
1336 2402 1394 2446 97,
1415 2400 1451 2438 5.

237 2467 321 2502 Esee
342 2478 423 2500 cum
445 2464 602 2511 genitivo
624 2461 834 2499 substantivi
855 2465 891 2498 et
910 2459 1088 2507 participii
1108 2459 1219 2496 futuri
1238 2461 1368 2505 passivi
1382 2461 1618 2504 coniunctum,

327 2525 366 2561 C.
382 2524 416 2567 6,
430 2520 465 2559 7.
511 2523 538 2558 1.
561 2521 620 2566 88,
642 2520 678 2557 4.
1484 2531 1486 2533 ’

237 2582 322 2618 Eue
349 2582 465 2625 aliquo
486 2581 640 2626 periculo
671 2577 744 2615 alio
763 2588 868 2615 sensu
891 2574 1020 2611 dicitur
1049 2586 1157 2621 quam
1185 2588 1258 2613 esse
1285 2577 1324 2612 τ’.
1346 2578 1431 2623 aliq.
1449 2577 1617 2624 periculo,

328 2638 357 2674 Ι.
381 2636 438 2680 57,
460 2637 495 2672 6.

236 2697 323 2732 Esse
345 2706 425 2729 cum
445 2694 613 2730 adverbio
631 2694 867 2737 coniunctum,
885 2693 925 2728 C.
942 2691 1007 2735 58,
1023 2691 1059 2728 9.
1088 2693 1118 2729 Ῑ.
1127 2691 1163 2737 7,
1171 2693 1207 2729 6.
1230 2692 1288 2736 14,
1301 2692 1360 2728 11.
1386 2690 1445 2734 75,
1459 2691 1494 2726 7.
1514 2689 1572 2735 85,
1580 2690 1616 2726 6.

238 2754 323 2789 Esse
344 2751 408 2786 ubi
423 2751 609 2796 infinitivo,
634 2753 697 2798 qui
719 2751 902 2797 participio
919 2751 971 2796 fit,
994 2762 1064 2785 non
1085 2751 1256 2795 addatur,
1284 2751 1324 2787 G.
1351 2750 1394 2795 1,
1416 2749 1452 2788 3.
1497 2748 1556 2792 20,
1579 2747 1613 2784 3.

330 2808 389 2856 48,
408 2807 444 2846 5.
489 2810 518 2847 l.
535 2808 595 2858 20,
613 2810 649 2850 1.
693 2810 755 2854 22,
775 2810 813 2845 1.
856 2808 915 2853 40,
932 2808 969 2845 4.
1013 2808 1072 2854 79,
1092 2809 1128 2845 7.
1172 2808 1232 2853 82,
1258 2807 1295 2846 1.

1690 3054 1702 3210 ..corn-<⁴⁰
1690 3034 1693 3045 “
