<?xml version="1.0" encoding="UTF-8"?>
<!DOCTYPE html PUBLIC "-//W3C//DTD XHTML 1.0 Transitional//EN"
    "http://www.w3.org/TR/xhtml1/DTD/xhtml1-transitional.dtd">
<html xmlns="http://www.w3.org/1999/xhtml" xml:lang="en" lang="en">
 <head>
  <title>
</title>
<meta http-equiv="Content-Type" content="text/html;charset=utf-8" />
  <meta name='ocr-system' content='tesseract 3.04.00' />
  <meta name='ocr-capabilities' content='ocr_page ocr_carea ocr_par ocr_line ocrx_word'/>
</head>
<body>
  <div class='ocr_page' id='page_1' title='image "./operaquaesupersu01salluoft/operaquaesupersu01salluoft_0180.png"; bbox 0 0 1716 3210; ppageno 0'>
   <div class='ocr_carea' id='block_1_1' title="bbox 266 186 1319 253">
    <p class='ocr_par' dir='ltr' id='par_1_1' title="bbox 266 186 1319 253">
     <span class='ocr_line' id='line_1_1' title="bbox 266 186 1319 253; baseline 0.003 -10"><span class='ocrx_word' id='word_1_1' title='bbox 266 204 352 252; x_wconf 73' lang='lat'><strong>143</strong></span> <span class='ocrx_word' id='word_1_2' title='bbox 626 200 675 244; x_wconf 82' lang='lat' dir='ltr'><strong>c.</strong></span> <span class='ocrx_word' id='word_1_3' title='bbox 711 195 1052 244; x_wconf 74' lang='lat' dir='ltr'>SALLUSTI</span> <span class='ocrx_word' id='word_1_4' title='bbox 1095 186 1319 253; x_wconf 69' lang='lat' dir='ltr'><strong>cu‘xsm</strong></span> 
     </span>
    </p>
   </div>
   <div class='ocr_carea' id='block_1_2' title="bbox 174 313 1651 748">
    <p class='ocr_par' dir='ltr' id='par_1_2' title="bbox 174 313 1651 748">
     <span class='ocr_line' id='line_1_2' title="bbox 269 313 1650 381; baseline 0.001 -15"><span class='ocrx_word' id='word_1_5' title='bbox 269 320 595 373; x_wconf 79' lang='lat' dir='ltr'><strong>existumarent,</strong></span> <span class='ocrx_word' id='word_1_6' title='bbox 629 316 713 361; x_wconf 84' lang='lat' dir='ltr'><strong>sibi</strong></span> <span class='ocrx_word' id='word_1_7' title='bbox 745 316 936 377; x_wconf 78' lang='lat' dir='ltr'><strong>patricio</strong></span> <span class='ocrx_word' id='word_1_8' title='bbox 968 313 1157 376; x_wconf 85' lang='lat' dir='ltr'><strong>homini,</strong></span> <span class='ocrx_word' id='word_1_9' title='bbox 1183 319 1312 374; x_wconf 35' lang='lat' dir='ltr'><strong>,cuius</strong></span> <span class='ocrx_word' id='word_1_10' title='bbox 1344 319 1483 381; x_wconf 83' lang='lat' dir='ltr'><strong>ipsius</strong></span> <span class='ocrx_word' id='word_1_11' title='bbox 1516 318 1650 381; x_wconf 77' lang='lat' dir='ltr'><strong>atque</strong></span> 
     </span>
     <span class='ocr_line' id='line_1_3' title="bbox 267 408 1650 471; baseline 0.001 -14"><span class='ocrx_word' id='word_1_12' title='bbox 267 412 488 458; x_wconf 84' lang='lat' dir='ltr'><strong>maiorum</strong></span> <span class='ocrx_word' id='word_1_13' title='bbox 523 408 724 468; x_wconf 76' lang='lat' dir='ltr'><strong>¹plurima</strong></span> <span class='ocrx_word' id='word_1_14' title='bbox 776 408 994 454; x_wconf 86' lang='lat' dir='ltr'><strong>beneficia</strong></span> <span class='ocrx_word' id='word_1_15' title='bbox 1037 408 1084 453; x_wconf 88' lang='lat' dir='ltr'><strong>in</strong></span> <span class='ocrx_word' id='word_1_16' title='bbox 1126 410 1351 471; x_wconf 88' lang='lat' dir='ltr'><strong>populum</strong></span> <span class='ocrx_word' id='word_1_17' title='bbox 1392 411 1650 458; x_wconf 82' lang='lat' dir='ltr'><strong>Romanum</strong></span> 
     </span>
     <span class='ocr_line' id='line_1_4' title="bbox 260 500 1651 562; baseline 0.001 -14"><span class='ocrx_word' id='word_1_18' title='bbox 260 506 437 558; x_wconf 80' lang='lat' dir='ltr'><strong>essent,</strong></span> <span class='ocrx_word' id='word_1_19' title='bbox 490 500 668 561; x_wconf 86' lang='lat' dir='ltr'><strong>perdita</strong></span> <span class='ocrx_word' id='word_1_20' title='bbox 718 500 952 560; x_wconf 84' lang='lat' dir='ltr'><strong>republica</strong></span> <span class='ocrx_word' id='word_1_21' title='bbox 1006 514 1121 561; x_wconf 84' lang='lat' dir='ltr'><strong>opus</strong></span> <span class='ocrx_word' id='word_1_22' title='bbox 1179 515 1323 559; x_wconf 82' lang='lat' dir='ltr'><strong>esse‚·</strong></span> <span class='ocrx_word' id='word_1_23' title='bbox 1357 514 1496 562; x_wconf 82' lang='lat' dir='ltr'><strong>quum</strong></span> <span class='ocrx_word' id='word_1_24' title='bbox 1549 520 1651 550; x_wconf 85' lang='lat' dir='ltr'><strong>eam</strong></span> 
     </span>
     <span class='ocr_line' id='line_1_5' title="bbox 268 590 1648 651; baseline 0.002 -12"><span class='ocrx_word' id='word_1_25' title='bbox 268 596 463 639; x_wconf 83' lang='lat' dir='ltr'><strong>servaret</strong></span> <span class='ocrx_word' id='word_1_26' title='bbox 506 590 595 639; x_wconf 92' lang='lat' dir='ltr'>M</span> <span class='ocrx_word' id='word_1_27' title='bbox 609 591 789 636; x_wconf 84' lang='lat' dir='ltr'><strong>Tullius</strong></span> <span class='ocrx_word' id='word_1_28' title='bbox 845 592 1081 651; x_wconf 84' lang='lat' dir='ltr'><strong>inquilinus</strong></span> <span class='ocrx_word' id='word_1_29' title='bbox 1136 593 1243 639; x_wconf 81' lang='lat' dir='ltr'><strong>civis</strong></span> <span class='ocrx_word' id='word_1_30' title='bbox 1294 594 1415 638; x_wconf 76' lang='lat' dir='ltr'><strong>urbis</strong></span> <span class='ocrx_word' id='word_1_31' title='bbox 1460 595 1648 643; x_wconf 80' lang='lat' dir='ltr'><strong>Romae.</strong></span> 
     </span>
     <span class='ocr_line' id='line_1_6' title="bbox 174 679 1649 748; baseline 0 -16"><span class='ocrx_word' id='word_1_32' title='bbox 174 708 179 713; x_wconf 68' lang='lat'><strong><em>¹</em></strong></span> <span class='ocrx_word' id='word_1_33' title='bbox 219 684 346 733; x_wconf 84' lang='lat' dir='ltr'><strong>8Ad</strong></span> <span class='ocrx_word' id='word_1_34' title='bbox 386 679 503 730; x_wconf 78' lang='lat' dir='ltr'><strong>haec</strong></span> <span class='ocrx_word' id='word_1_35' title='bbox 545 683 785 729; x_wconf 73' lang='lat' dir='ltr'><strong>maledIcta</strong></span> <span class='ocrx_word' id='word_1_36' title='bbox 825 685 915 729; x_wconf 85' lang='lat' dir='ltr'><strong>alia</strong></span> <span class='ocrx_word' id='word_1_37' title='bbox 950 699 1089 745; x_wconf 86' lang='lat' dir='ltr'><strong>quum</strong></span> <span class='ocrx_word' id='word_1_38' title='bbox 1135 683 1347 743; x_wconf 77' lang='lat' dir='ltr'><strong>adderet,</strong></span> <span class='ocrx_word' id='word_1_39' title='bbox 1383 685 1649 748; x_wconf 72' lang='lat' dir='ltr'><strong>obst⁴epere</strong></span> 
     </span>
    </p>
   </div>
   <div class='ocr_carea' id='block_1_3' title="bbox 251 817 1649 1613">
    <p class='ocr_par' dir='ltr' id='par_1_3' title="bbox 260 817 1649 1315">
     <span class='ocr_line' id='line_1_7' title="bbox 266 817 1647 866; baseline 0 -13"><span class='ocrx_word' id='word_1_40' title='bbox 266 819 390 864; x_wconf 78' lang='lat' dir='ltr'><strong>Populi</strong></span> <span class='ocrx_word' id='word_1_41' title='bbox 410 817 562 852; x_wconf 78' lang='lat' dir='ltr'><strong>Romani</strong></span> <span class='ocrx_word' id='word_1_42' title='bbox 569 843 579 860; x_wconf 95' lang='lat'><strong><em>‚</em></strong></span> <span class='ocrx_word' id='word_1_43' title='bbox 602 818 662 851; x_wconf 74' lang='lat' dir='ltr'><strong>vel</strong></span> <span class='ocrx_word' id='word_1_44' title='bbox 685 828 715 851; x_wconf 88' lang='lat' dir='ltr'><strong>c.</strong></span> <span class='ocrx_word' id='word_1_45' title='bbox 735 818 842 860; x_wconf 83' lang='lat' dir='ltr'>XLII,</span> <span class='ocrx_word' id='word_1_46' title='bbox 857 818 892 852; x_wconf 92' lang='lat'><strong>3.</strong></span> <span class='ocrx_word' id='word_1_47' title='bbox 915 818 978 853; x_wconf 89' lang='lat' dir='ltr'><strong>ubi</strong></span> <span class='ocrx_word' id='word_1_48' title='bbox 1001 818 1105 854; x_wconf 76' lang='lat' dir='ltr'><strong>multi</strong></span> <span class='ocrx_word' id='word_1_49' title='bbox 1127 819 1301 855; x_wconf 80' lang='lat' dir='ltr'><strong>scribendi</strong></span> <span class='ocrx_word' id='word_1_50' title='bbox 1322 819 1531 866; x_wconf 77' lang='lat' dir='ltr'><strong>compendia</strong></span> <span class='ocrx_word' id='word_1_51' title='bbox 1556 831 1597 854; x_wconf 74' lang='lat' dir='ltr'><strong>es:</strong></span> <span class='ocrx_word' id='word_1_52' title='bbox 1613 822 1647 854; x_wconf 85' lang='lat' dir='ltr'><strong>S.</strong></span> 
     </span>
     <span class='ocr_line' id='line_1_8' title="bbox 269 868 1647 921; baseline 0.001 -9"><span class='ocrx_word' id='word_1_53' title='bbox 269 879 308 912; x_wconf 86' lang='lat' dir='ltr'><strong>C.</strong></span> <span class='ocrx_word' id='word_1_54' title='bbox 342 876 385 921; x_wconf 88' lang='lat' dir='ltr'><strong>(i.</strong></span> <span class='ocrx_word' id='word_1_55' title='bbox 417 886 448 911; x_wconf 88' lang='lat' dir='ltr'><strong>e.</strong></span> <span class='ocrx_word' id='word_1_56' title='bbox 480 886 523 909; x_wconf 85' lang='lat' dir='ltr'><strong>ex</strong></span> <span class='ocrx_word' id='word_1_57' title='bbox 546 875 667 909; x_wconf 81' lang='lat' dir='ltr'><strong>Sennti</strong></span> <span class='ocrx_word' id='word_1_58' title='bbox 690 876 864 920; x_wconf 88' lang='lat' dir='ltr'><strong>consulto)</strong></span> <span class='ocrx_word' id='word_1_59' title='bbox 899 876 1116 921; x_wconf 81' lang='lat' dir='ltr'><strong>interpretati</strong></span> <span class='ocrx_word' id='word_1_60' title='bbox 1147 882 1226 912; x_wconf 82' lang='lat' dir='ltr'><strong>sunt</strong></span> <span class='ocrx_word' id='word_1_61' title='bbox 1257 890 1298 912; x_wconf 74' lang='lat' dir='ltr'><strong>ex</strong></span> <span class='ocrx_word' id='word_1_62' title='bbox 1329 868 1428 913; x_wconf 72' lang='lat' dir='ltr'><strong>sociis</strong></span> <span class='ocrx_word' id='word_1_63' title='bbox 1463 878 1647 913; x_wconf 78' lang='lat' dir='ltr'><strong>Catilinae.</strong></span> 
     </span>
     <span class='ocr_line' id='line_1_9' title="bbox 263 933 1648 980; baseline 0.001 -12"><span class='ocrx_word' id='word_1_64' title='bbox 263 934 417 980; x_wconf 81' lang='lat' dir='ltr'><strong>Vulgata</strong></span> <span class='ocrx_word' id='word_1_65' title='bbox 446 933 538 967; x_wconf 89' lang='lat' dir='ltr'><strong>unde</strong></span> <span class='ocrx_word' id='word_1_66' title='bbox 560 933 733 978; x_wconf 76' lang='lat' dir='ltr'><strong>originem</strong></span> <span class='ocrx_word' id='word_1_67' title='bbox 756 933 902 976; x_wconf 85' lang='lat' dir='ltr'><strong>duxerit,</strong></span> <span class='ocrx_word' id='word_1_68' title='bbox 927 934 963 968; x_wconf 87' lang='lat' dir='ltr'><strong>iu</strong></span> <span class='ocrx_word' id='word_1_69' title='bbox 995 938 1160 978; x_wconf 85' lang='lat' dir='ltr'><strong>promptu</strong></span> <span class='ocrx_word' id='word_1_70' title='bbox 1175 937 1254 975; x_wconf 19' lang='lat' dir='ltr'><strong>Vest3</strong></span> <span class='ocrx_word' id='word_1_71' title='bbox 1286 934 1426 970; x_wconf 80' lang='lat' dir='ltr'><strong>librarii</strong></span> <span class='ocrx_word' id='word_1_72' title='bbox 1447 935 1542 970; x_wconf 87' lang='lat' dir='ltr'><strong>enim</strong></span> <span class='ocrx_word' id='word_1_73' title='bbox 1563 936 1648 970; x_wconf 76' lang='lat' dir='ltr'><strong>scri-</strong></span> 
     </span>
     <span class='ocr_line' id='line_1_10' title="bbox 263 991 1648 1037; baseline 0 -10"><span class='ocrx_word' id='word_1_74' title='bbox 263 991 371 1028; x_wconf 84' lang='lat' dir='ltr'><strong>bendi</strong></span> <span class='ocrx_word' id='word_1_75' title='bbox 393 991 637 1035; x_wconf 81' lang='lat' dir='ltr'><strong>compendium</strong></span> <span class='ocrx_word' id='word_1_76' title='bbox 661 991 701 1025; x_wconf 89' lang='lat' dir='ltr'><strong>P.</strong></span> <span class='ocrx_word' id='word_1_77' title='bbox 726 992 772 1024; x_wconf 87' lang='lat' dir='ltr'><strong>R.</strong></span> <span class='ocrx_word' id='word_1_78' title='bbox 796 993 994 1027; x_wconf 81' lang='lat' dir='ltr'><strong>maluerunt</strong></span> <span class='ocrx_word' id='word_1_79' title='bbox 1016 993 1155 1036; x_wconf 85' lang='lat' dir='ltr'><strong>explere</strong></span> <span class='ocrx_word' id='word_1_80' title='bbox 1172 993 1308 1037; x_wconf 82' lang='lat' dir='ltr'><strong>plebem</strong></span> <span class='ocrx_word' id='word_1_81' title='bbox 1331 993 1431 1027; x_wconf 83' lang='lat' dir='ltr'><strong>Rom.</strong></span> <span class='ocrx_word' id='word_1_82' title='bbox 1454 1005 1562 1037; x_wconf 76' lang='lat' dir='ltr'><strong>quam</strong></span> <span class='ocrx_word' id='word_1_83' title='bbox 1582 1005 1648 1037; x_wconf 83' lang='lat' dir='ltr'><strong>po-</strong></span> 
     </span>
     <span class='ocr_line' id='line_1_11' title="bbox 263 1049 1648 1096; baseline 0.001 -13"><span class='ocrx_word' id='word_1_84' title='bbox 263 1050 336 1096; x_wconf 80' lang='lat' dir='ltr'><strong>pul.</strong></span> <span class='ocrx_word' id='word_1_85' title='bbox 361 1049 473 1090; x_wconf 60' lang='lat' dir='ltr'><strong>Rom„</strong></span> <span class='ocrx_word' id='word_1_86' title='bbox 496 1051 694 1092; x_wconf 77' lang='lat' dir='ltr'><strong>reputantes</strong></span> <span class='ocrx_word' id='word_1_87' title='bbox 717 1049 904 1083; x_wconf 84' lang='lat' dir='ltr'><strong>Catilinam</strong></span> <span class='ocrx_word' id='word_1_88' title='bbox 928 1049 1138 1093; x_wconf 81' lang='lat' dir='ltr'><strong>omninoque</strong></span> <span class='ocrx_word' id='word_1_89' title='bbox 1161 1061 1291 1091; x_wconf 72' lang='lat' dir='ltr'><strong>omnes,</strong></span> <span class='ocrx_word' id='word_1_90' title='bbox 1315 1050 1376 1093; x_wconf 90' lang='lat' dir='ltr'><strong>qui</strong></span> <span class='ocrx_word' id='word_1_91' title='bbox 1395 1061 1648 1084; x_wconf 69' lang='lat' dir='ltr'><strong>rerum-nova·-</strong></span> 
     </span>
     <span class='ocr_line' id='line_1_12' title="bbox 263 1105 1649 1151; baseline -0.001 -9"><span class='ocrx_word' id='word_1_92' title='bbox 263 1118 346 1142; x_wconf 81' lang='lat' dir='ltr'><strong>rum</strong></span> <span class='ocrx_word' id='word_1_93' title='bbox 369 1105 487 1151; x_wconf 85' lang='lat' dir='ltr'><strong>cupidi</strong></span> <span class='ocrx_word' id='word_1_94' title='bbox 509 1108 640 1148; x_wconf 78' lang='lat' dir='ltr'><strong>essent,</strong></span> <span class='ocrx_word' id='word_1_95' title='bbox 666 1106 803 1150; x_wconf 86' lang='lat' dir='ltr'><strong>plebem</strong></span> <span class='ocrx_word' id='word_1_96' title='bbox 826 1107 894 1140; x_wconf 85' lang='lat' dir='ltr'><strong>sibi</strong></span> <span class='ocrx_word' id='word_1_97' title='bbox 917 1107 1112 1148; x_wconf 77' lang='lat' dir='ltr'><strong>devincire,</strong></span> <span class='ocrx_word' id='word_1_98' title='bbox 1134 1107 1179 1141; x_wconf 77' lang='lat' dir='ltr'><strong>cf.</strong></span> <span class='ocrx_word' id='word_1_99' title='bbox 1201 1107 1304 1142; x_wconf 81' lang='lat' dir='ltr'><strong>Cutil.</strong></span> <span class='ocrx_word' id='word_1_100' title='bbox 1323 1108 1515 1149; x_wconf 81' lang='lat' dir='ltr'>XXXVIII,</span> <span class='ocrx_word' id='word_1_101' title='bbox 1533 1107 1589 1148; x_wconf 92' lang='lat' dir='ltr'><strong>l.‚</strong></span> <span class='ocrx_word' id='word_1_102' title='bbox 1613 1110 1649 1140; x_wconf 90' lang='lat' dir='ltr'><strong>et</strong></span> 
     </span>
     <span class='ocr_line' id='line_1_13' title="bbox 260 1162 1647 1208; baseline -0.001 -9"><span class='ocrx_word' id='word_1_103' title='bbox 260 1168 403 1206; x_wconf 77' lang='lat' dir='ltr'><strong>eontra,</strong></span> <span class='ocrx_word' id='word_1_104' title='bbox 437 1164 577 1208; x_wconf 86' lang='lat' dir='ltr'><strong>plebem</strong></span> <span class='ocrx_word' id='word_1_105' title='bbox 600 1162 774 1197; x_wconf 84' lang='lat' dir='ltr'><strong>Catilinae</strong></span> <span class='ocrx_word' id='word_1_106' title='bbox 798 1174 1011 1208; x_wconf 77' lang='lat' dir='ltr'><strong>magnopere</strong></span> <span class='ocrx_word' id='word_1_107' title='bbox 1032 1164 1223 1206; x_wconf 79' lang='lat' dir='ltr'><strong>studuisse,</strong></span> <span class='ocrx_word' id='word_1_108' title='bbox 1255 1177 1286 1198; x_wconf 88' lang='lat' dir='ltr'><strong>c.</strong></span> <span class='ocrx_word' id='word_1_109' title='bbox 1305 1165 1483 1206; x_wconf 71' lang='lat' dir='ltr'>XXXVII,</span> <span class='ocrx_word' id='word_1_110' title='bbox 1502 1164 1558 1206; x_wconf 79' lang='lat'><strong>1.;</strong></span> <span class='ocrx_word' id='word_1_111' title='bbox 1586 1165 1647 1198; x_wconf 81' lang='lat' dir='ltr'><strong>sed</strong></span> 
     </span>
     <span class='ocr_line' id='line_1_14' title="bbox 260 1220 1646 1267; baseline -0.001 -10"><span class='ocrx_word' id='word_1_112' title='bbox 260 1221 316 1257; x_wconf 87' lang='lat' dir='ltr'><strong>illi</strong></span> <span class='ocrx_word' id='word_1_113' title='bbox 338 1221 441 1256; x_wconf 89' lang='lat' dir='ltr'><strong>obliti</strong></span> <span class='ocrx_word' id='word_1_114' title='bbox 465 1224 564 1262; x_wconf 88' lang='lat' dir='ltr'><strong>sunt,</strong></span> <span class='ocrx_word' id='word_1_115' title='bbox 589 1220 798 1264; x_wconf 84' lang='lat' dir='ltr'><strong>Catilinam,</strong></span> <span class='ocrx_word' id='word_1_116' title='bbox 824 1222 981 1256; x_wconf 83' lang='lat' dir='ltr'><strong>animum</strong></span> <span class='ocrx_word' id='word_1_117' title='bbox 995 1222 1157 1267; x_wconf 89' lang='lat' dir='ltr'><strong>probum</strong></span> <span class='ocrx_word' id='word_1_118' title='bbox 1178 1222 1412 1266; x_wconf 82' lang='lat' dir='ltr'><strong>simulantem,</strong></span> <span class='ocrx_word' id='word_1_119' title='bbox 1434 1222 1532 1267; x_wconf 88' lang='lat' dir='ltr'><strong>loqui</strong></span> <span class='ocrx_word' id='word_1_120' title='bbox 1555 1233 1646 1266; x_wconf 76' lang='lat' dir='ltr'><strong>quae</strong></span> 
     </span>
     <span class='ocr_line' id='line_1_15' title="bbox 260 1279 1319 1315; baseline -0.007 0"><span class='ocrx_word' id='word_1_121' title='bbox 260 1289 283 1315; x_wconf 73' lang='lat' dir='ltr'><strong>e</strong></span> <span class='ocrx_word' id='word_1_122' title='bbox 305 1290 345 1314; x_wconf 83' lang='lat' dir='ltr'><strong>re</strong></span> <span class='ocrx_word' id='word_1_123' title='bbox 371 1290 436 1313; x_wconf 78' lang='lat' dir='ltr'><strong>suu.</strong></span> <span class='ocrx_word' id='word_1_124' title='bbox 459 1281 582 1312; x_wconf 82' lang='lat' dir='ltr'><strong>essent.</strong></span> <span class='ocrx_word' id='word_1_125' title='bbox 1311 1279 1319 1293; x_wconf 90' lang='lat'><strong><em>¹</em></strong></span> 
     </span>
    </p>

    <p class='ocr_par' dir='ltr' id='par_1_4' title="bbox 251 1335 1643 1613">
     <span class='ocr_line' id='line_1_16' title="bbox 328 1335 1643 1382; baseline 0.001 -12"><span class='ocrx_word' id='word_1_126' title='bbox 328 1337 515 1381; x_wconf 80' lang='lat' dir='ltr'><strong>inquilinus</strong></span> <span class='ocrx_word' id='word_1_127' title='bbox 539 1335 622 1370; x_wconf 81' lang='lat' dir='ltr'><strong>civis</strong></span> <span class='ocrx_word' id='word_1_128' title='bbox 644 1336 738 1371; x_wconf 80' lang='lat' dir='ltr'><strong>urbis</strong></span> <span class='ocrx_word' id='word_1_129' title='bbox 753 1335 911 1382; x_wconf 78' lang='lat' dir='ltr'><strong>Romae]</strong></span> <span class='ocrx_word' id='word_1_130' title='bbox 937 1336 1130 1381; x_wconf 71' lang='lat' dir='ltr'><strong>Inquilt&#39;nus</strong></span> <span class='ocrx_word' id='word_1_131' title='bbox 1152 1337 1204 1371; x_wconf 82' lang='lat' dir='ltr'><strong>est</strong></span> <span class='ocrx_word' id='word_1_132' title='bbox 1227 1336 1287 1381; x_wconf 83' lang='lat' dir='ltr'><strong>qui</strong></span> <span class='ocrx_word' id='word_1_133' title='bbox 1309 1337 1344 1371; x_wconf 86' lang='lat' dir='ltr'><strong>in</strong></span> <span class='ocrx_word' id='word_1_134' title='bbox 1362 1337 1477 1373; x_wconf 77' lang='lat' dir='ltr'><strong>alieno</strong></span> <span class='ocrx_word' id='word_1_135' title='bbox 1494 1336 1643 1380; x_wconf 76' lang='lat' dir='ltr'><strong>habitat,</strong></span> 
     </span>
     <span class='ocr_line' id='line_1_17' title="bbox 251 1377 1643 1439; baseline 0 -11"><span class='ocrx_word' id='word_1_136' title='bbox 251 1377 358 1428; x_wconf 71' lang='lat' dir='ltr'><strong>-m&#39;nllo</strong></span> <span class='ocrx_word' id='word_1_137' title='bbox 382 1393 613 1437; x_wconf 87' lang='lat' dir='ltr'><strong>possidendi&#39;</strong></span> <span class='ocrx_word' id='word_1_138' title='bbox 602 1406 690 1429; x_wconf 86' lang='lat' dir='ltr'><strong>mre.</strong></span> <span class='ocrx_word' id='word_1_139' title='bbox 738 1395 974 1430; x_wconf 87' lang='lat' dir='ltr'><strong>Coutumelios</strong></span> <span class='ocrx_word' id='word_1_140' title='bbox 976 1406 995 1428; x_wconf 88' lang='lat' dir='ltr'><strong>e</strong></span> <span class='ocrx_word' id='word_1_141' title='bbox 1018 1394 1054 1439; x_wconf 56' lang='lat' dir='ltr'><strong>ib</strong></span> <span class='ocrx_word' id='word_1_142' title='bbox 1043 1395 1129 1429; x_wconf 90' lang='lat' dir='ltr'><strong>itur</strong></span> <span class='ocrx_word' id='word_1_143' title='bbox 1152 1394 1277 1429; x_wconf 79' lang='lat' dir='ltr'><strong>Cicero</strong></span> <span class='ocrx_word' id='word_1_144' title='bbox 1298 1398 1444 1430; x_wconf 74' lang='lat' dir='ltr'><strong>vocatur</strong></span> <span class='ocrx_word' id='word_1_145' title='bbox 1473 1396 1557 1429; x_wconf 79' lang='lat' dir='ltr'><strong>civis</strong></span> <span class='ocrx_word' id='word_1_146' title='bbox 1587 1395 1643 1428; x_wconf 78' lang='grc' dir='ltr'><strong>ἰπ-</strong></span> 
     </span>
     <span class='ocr_line' id='line_1_18' title="bbox 261 1452 1643 1498; baseline 0 -13"><span class='ocrx_word' id='word_1_147' title='bbox 261 1452 429 1497; x_wconf 76' lang='lat' dir='ltr'><strong>quilinus,</strong></span> <span class='ocrx_word' id='word_1_148' title='bbox 455 1452 583 1496; x_wconf 82' lang='lat' dir='ltr'><strong>quippe</strong></span> <span class='ocrx_word' id='word_1_149' title='bbox 607 1453 666 1495; x_wconf 88' lang='lat' dir='ltr'><strong>qui</strong></span> <span class='ocrx_word' id='word_1_150' title='bbox 689 1463 758 1487; x_wconf 89' lang='lat' dir='ltr'><strong>non</strong></span> <span class='ocrx_word' id='word_1_151' title='bbox 780 1454 928 1494; x_wconf 84' lang='lat' dir='ltr'><strong>Romae,</strong></span> <span class='ocrx_word' id='word_1_152' title='bbox 954 1452 1074 1486; x_wconf 86' lang='lat' dir='ltr'><strong>sedin</strong></span> <span class='ocrx_word' id='word_1_153' title='bbox 1096 1452 1206 1497; x_wconf 85' lang='lat' dir='ltr'><strong>patris</strong></span> <span class='ocrx_word' id='word_1_154' title='bbox 1228 1452 1319 1487; x_wconf 79' lang='lat' dir='ltr'><strong>villa</strong></span> <span class='ocrx_word' id='word_1_155' title='bbox 1340 1465 1451 1498; x_wconf 83' lang='lat' dir='ltr'><strong>prope</strong></span> <span class='ocrx_word' id='word_1_156' title='bbox 1473 1452 1643 1498; x_wconf 83' lang='lat' dir='ltr'><strong>Arpinum</strong></span> 
     </span>
     <span class='ocr_line' id='line_1_19' title="bbox 259 1509 1641 1556; baseline 0.001 -13"><span class='ocrx_word' id='word_1_157' title='bbox 259 1513 360 1544; x_wconf 77' lang='lat' dir='ltr'><strong>natus</strong></span> <span class='ocrx_word' id='word_1_158' title='bbox 378 1514 484 1544; x_wconf 77' lang='lat' dir='ltr'><strong>esset.</strong></span> <span class='ocrx_word' id='word_1_159' title='bbox 531 1510 628 1544; x_wconf 85' lang='lat' dir='ltr'><strong>Idem</strong></span> <span class='ocrx_word' id='word_1_160' title='bbox 651 1510 849 1544; x_wconf 86' lang='lat' dir='ltr'><strong>convicium</strong></span> <span class='ocrx_word' id='word_1_161' title='bbox 873 1509 997 1544; x_wconf 87' lang='lat' dir='ltr'><strong>Cicero</strong></span> <span class='ocrx_word' id='word_1_162' title='bbox 1020 1510 1133 1556; x_wconf 79' lang='lat' dir='ltr'><strong>tangit</strong></span> <span class='ocrx_word' id='word_1_163' title='bbox 1156 1514 1244 1546; x_wconf 80' lang='lat' dir='ltr'><strong>orat.</strong></span> <span class='ocrx_word' id='word_1_164' title='bbox 1267 1523 1330 1555; x_wconf 87' lang='lat' dir='ltr'><strong>pro</strong></span> <span class='ocrx_word' id='word_1_165' title='bbox 1355 1511 1468 1548; x_wconf 78' lang='lat' dir='ltr'><strong>Sulla.</strong></span> <span class='ocrx_word' id='word_1_166' title='bbox 1492 1511 1568 1553; x_wconf 67' lang='grc' dir='ltr'><strong>αῖ,</strong></span> <span class='ocrx_word' id='word_1_167' title='bbox 1585 1511 1641 1544; x_wconf 71' lang='grc'><strong>22.</strong></span> 
     </span>
     <span class='ocr_line' id='line_1_20' title="bbox 253 1568 1640 1613; baseline 0.001 -13"><span class='ocrx_word' id='word_1_168' title='bbox 253 1569 396 1611; x_wconf 80' lang='lat' dir='ltr'><strong>facetus</strong></span> <span class='ocrx_word' id='word_1_169' title='bbox 421 1578 493 1600; x_wconf 86' lang='lat' dir='ltr'><strong>esse</strong></span> <span class='ocrx_word' id='word_1_170' title='bbox 528 1569 686 1611; x_wconf 67' lang='lat' dir='ltr'><strong>voluisti,</strong></span> <span class='ocrx_word' id='word_1_171' title='bbox 718 1579 821 1613; x_wconf 81' lang='lat' dir='ltr'><strong>quum</strong></span> <span class='ocrx_word' id='word_1_172' title='bbox 847 1568 1077 1612; x_wconf 82' lang='lat' dir='ltr'><strong>Tarquinium</strong></span> <span class='ocrx_word' id='word_1_173' title='bbox 1111 1573 1145 1603; x_wconf 85' lang='lat' dir='ltr'><strong>et</strong></span> <span class='ocrx_word' id='word_1_174' title='bbox 1169 1569 1326 1612; x_wconf 81' lang='lat' dir='ltr'><strong>Numam</strong></span> <span class='ocrx_word' id='word_1_175' title='bbox 1357 1574 1392 1603; x_wconf 85' lang='lat' dir='ltr'><strong>et</strong></span> <span class='ocrx_word' id='word_1_176' title='bbox 1422 1579 1476 1603; x_wconf 83' lang='lat' dir='ltr'><strong>me</strong></span> <span class='ocrx_word' id='word_1_177' title='bbox 1498 1568 1640 1603; x_wconf 73' lang='lat' dir='ltr'><strong>tertium</strong></span> 
     </span>
    </p>
   </div>
   <div class='ocr_carea' id='block_1_4' title="bbox 256 1625 1706 1671">
    <p class='ocr_par' dir='ltr' id='par_1_5' title="bbox 256 1625 1706 1671">
     <span class='ocr_line' id='line_1_21' title="bbox 256 1625 1706 1671; baseline 0.001 -13"><span class='ocrx_word' id='word_1_178' title='bbox 256 1635 282 1669; x_wconf 81' lang='lat' dir='ltr'><strong>p</strong></span> <span class='ocrx_word' id='word_1_179' title='bbox 293 1637 310 1658; x_wconf 89' lang='lat' dir='ltr'><strong>e</strong></span> <span class='ocrx_word' id='word_1_180' title='bbox 321 1637 340 1658; x_wconf 86' lang='lat' dir='ltr'><strong>r</strong></span> <span class='ocrx_word' id='word_1_181' title='bbox 349 1637 367 1658; x_wconf 85' lang='lat' dir='ltr'><strong>e</strong></span> <span class='ocrx_word' id='word_1_182' title='bbox 376 1635 404 1670; x_wconf 82' lang='lat' dir='ltr'><strong><em>g</em></strong></span> <span class='ocrx_word' id='word_1_183' title='bbox 413 1625 483 1658; x_wconf 81' lang='lat' dir='ltr'><strong>rin</strong></span> <span class='ocrx_word' id='word_1_184' title='bbox 494 1637 516 1658; x_wconf 88' lang='lat' dir='ltr'><strong>u</strong></span> <span class='ocrx_word' id='word_1_185' title='bbox 527 1637 561 1658; x_wconf 84' lang='lat' dir='ltr'><strong>m</strong></span> <span class='ocrx_word' id='word_1_186' title='bbox 584 1637 704 1671; x_wconf 83' lang='lat' dir='ltr'><strong>regem</strong></span> <span class='ocrx_word' id='word_1_187' title='bbox 729 1638 800 1660; x_wconf 84' lang='lat' dir='ltr'><strong>esse</strong></span> <span class='ocrx_word' id='word_1_188' title='bbox 825 1626 955 1659; x_wconf 68' lang='lat' dir='ltr'><strong>dixisti.</strong></span> <span class='ocrx_word' id='word_1_189' title='bbox 1003 1626 1156 1670; x_wconf 80' lang='lat' dir='ltr'><strong>Apparet</strong></span> <span class='ocrx_word' id='word_1_190' title='bbox 1178 1631 1296 1660; x_wconf 81' lang='lat' dir='ltr'><strong>autem</strong></span> <span class='ocrx_word' id='word_1_191' title='bbox 1320 1627 1504 1661; x_wconf 70' lang='lat' dir='ltr'><strong>Catilinam</strong></span> <span class='ocrx_word' id='word_1_192' title='bbox 1528 1626 1642 1671; x_wconf 76' lang='lat' dir='ltr'><strong>inqui·—</strong></span> <span class='ocrx_word' id='word_1_193' title='bbox 1701 1629 1706 1635; x_wconf 91' lang='lat'>&#39;</span> 
     </span>
    </p>
   </div>
   <div class='ocr_carea' id='block_1_5' title="bbox 245 1682 1649 2596">
    <p class='ocr_par' dir='ltr' id='par_1_6' title="bbox 245 1682 1649 2596">
     <span class='ocr_line' id='line_1_22' title="bbox 257 1682 1640 1728; baseline 0.001 -13"><span class='ocrx_word' id='word_1_194' title='bbox 257 1682 367 1715; x_wconf 83' lang='lat' dir='ltr'><strong>linum</strong></span> <span class='ocrx_word' id='word_1_195' title='bbox 390 1693 566 1726; x_wconf 88' lang='lat' dir='ltr'><strong>opponere</strong></span> <span class='ocrx_word' id='word_1_196' title='bbox 584 1684 733 1727; x_wconf 85' lang='lat' dir='ltr'><strong>patricio</strong></span> <span class='ocrx_word' id='word_1_197' title='bbox 763 1684 894 1717; x_wconf 75' lang='lat' dir='ltr'><strong>homini</strong></span> <span class='ocrx_word' id='word_1_198' title='bbox 909 1709 920 1725; x_wconf 84' lang='lat'><strong>‚</strong></span> <span class='ocrx_word' id='word_1_199' title='bbox 952 1684 1066 1728; x_wconf 84' lang='lat' dir='ltr'><strong>gentis</strong></span> <span class='ocrx_word' id='word_1_200' title='bbox 1090 1683 1273 1718; x_wconf 80' lang='lat' dir='ltr'><strong>nobilitate</strong></span> <span class='ocrx_word' id='word_1_201' title='bbox 1295 1684 1413 1726; x_wconf 77' lang='lat' dir='ltr'><strong>claro,</strong></span> <span class='ocrx_word' id='word_1_202' title='bbox 1443 1685 1496 1718; x_wconf 73' lang='lat' dir='ltr'><strong>ita</strong></span> <span class='ocrx_word' id='word_1_203' title='bbox 1518 1687 1556 1717; x_wconf 89' lang='lat' dir='ltr'><strong>ut</strong></span> <span class='ocrx_word' id='word_1_204' title='bbox 1578 1683 1640 1716; x_wconf 83' lang='lat' dir='ltr'><strong>ho—</strong></span> 
     </span>
     <span class='ocr_line' id='line_1_23' title="bbox 257 1740 1640 1784; baseline 0.001 -11"><span class='ocrx_word' id='word_1_205' title='bbox 257 1750 313 1773; x_wconf 83' lang='lat' dir='ltr'><strong>mo</strong></span> <span class='ocrx_word' id='word_1_206' title='bbox 331 1750 437 1773; x_wconf 79' lang='lat' dir='ltr'><strong>novus</strong></span> <span class='ocrx_word' id='word_1_207' title='bbox 461 1751 499 1773; x_wconf 85' lang='lat' dir='ltr'><strong>re</strong></span> <span class='ocrx_word' id='word_1_208' title='bbox 522 1740 662 1784; x_wconf 87' lang='lat' dir='ltr'><strong>quidem</strong></span> <span class='ocrx_word' id='word_1_209' title='bbox 685 1741 778 1774; x_wconf 85' lang='lat' dir='ltr'><strong>idem</strong></span> <span class='ocrx_word' id='word_1_210' title='bbox 799 1741 855 1783; x_wconf 86' lang='lat' dir='ltr'><strong>sit,</strong></span> <span class='ocrx_word' id='word_1_211' title='bbox 875 1741 934 1778; x_wconf 87' lang='lat' dir='ltr'><strong>sed</strong></span> <span class='ocrx_word' id='word_1_212' title='bbox 958 1740 1077 1774; x_wconf 77' lang='lat' dir='ltr'><strong>verbis</strong></span> <span class='ocrx_word' id='word_1_213' title='bbox 1098 1741 1213 1774; x_wconf 89' lang='lat' dir='ltr'><strong>minus</strong></span> <span class='ocrx_word' id='word_1_214' title='bbox 1232 1742 1463 1775; x_wconf 73' lang='lat' dir='ltr'><strong>acerbum—</strong></span> <span class='ocrx_word' id='word_1_215' title='bbox 1480 1740 1558 1784; x_wconf 81' lang='lat'><strong>§.8.</strong></span> <span class='ocrx_word' id='word_1_216' title='bbox 1582 1741 1640 1774; x_wconf 84' lang='lat' dir='ltr'><strong>Ad</strong></span> 
     </span>
     <span class='ocr_line' id='line_1_24' title="bbox 256 1797 1638 1842; baseline 0.001 -11"><span class='ocrx_word' id='word_1_217' title='bbox 256 1797 344 1831; x_wconf 67' lang='lat' dir='ltr'><strong>naec</strong></span> <span class='ocrx_word' id='word_1_218' title='bbox 367 1798 556 1832; x_wconf 78' lang='lat' dir='ltr'><strong>maledicta</strong></span> <span class='ocrx_word' id='word_1_219' title='bbox 579 1797 723 1842; x_wconf 84' lang='lat' dir='ltr'><strong>plurimi</strong></span> <span class='ocrx_word' id='word_1_220' title='bbox 745 1798 909 1832; x_wconf 82' lang='lat' dir='ltr'><strong>exhibent</strong></span> <span class='ocrx_word' id='word_1_221' title='bbox 931 1798 1053 1838; x_wconf 86' lang='lat' dir='ltr'><strong>codd.;</strong></span> <span class='ocrx_word' id='word_1_222' title='bbox 1085 1799 1144 1833; x_wconf 82' lang='lat' dir='ltr'><strong>sed</strong></span> <span class='ocrx_word' id='word_1_223' title='bbox 1167 1799 1274 1833; x_wconf 81' lang='lat' dir='ltr'><strong>Fabr.</strong></span> <span class='ocrx_word' id='word_1_224' title='bbox 1298 1798 1332 1833; x_wconf 85' lang='lat'><strong>1.</strong></span> <span class='ocrx_word' id='word_1_225' title='bbox 1368 1797 1450 1832; x_wconf 86' lang='lat' dir='ltr'><strong>Seu.</strong></span> <span class='ocrx_word' id='word_1_226' title='bbox 1467 1798 1502 1832; x_wconf 92' lang='lat'><strong>1.</strong></span> <span class='ocrx_word' id='word_1_227' title='bbox 1535 1799 1638 1832; x_wconf 76' lang='lat' dir='ltr'><strong>Rem.</strong></span> 
     </span>
     <span class='ocr_line' id='line_1_25' title="bbox 256 1853 1638 1901; baseline 0 -11"><span class='ocrx_word' id='word_1_228' title='bbox 256 1855 291 1890; x_wconf 93' lang='lat'><strong>1.</strong></span> <span class='ocrx_word' id='word_1_229' title='bbox 308 1853 343 1889; x_wconf 81' lang='lat'><strong>2.</strong></span> <span class='ocrx_word' id='word_1_230' title='bbox 367 1854 444 1888; x_wconf 75' lang='lat' dir='ltr'><strong>Vin.</strong></span> <span class='ocrx_word' id='word_1_231' title='bbox 470 1855 554 1889; x_wconf 84' lang='lat' dir='ltr'><strong>Bas.</strong></span> <span class='ocrx_word' id='word_1_232' title='bbox 574 1854 650 1889; x_wconf 86' lang='lat'><strong>1.2.</strong></span> <span class='ocrx_word' id='word_1_233' title='bbox 664 1854 698 1891; x_wconf 89' lang='lat'><strong>3.</strong></span> <span class='ocrx_word' id='word_1_234' title='bbox 723 1855 797 1891; x_wconf 83' lang='lat' dir='ltr'><strong>Erl.</strong></span> <span class='ocrx_word' id='word_1_235' title='bbox 821 1855 911 1901; x_wconf 87' lang='lat' dir='ltr'><strong>Teg.</strong></span> <span class='ocrx_word' id='word_1_236' title='bbox 938 1855 1055 1889; x_wconf 81' lang='lat' dir='ltr'><strong>Guelf.</strong></span> <span class='ocrx_word' id='word_1_237' title='bbox 1075 1855 1154 1890; x_wconf 81' lang='lat'><strong>1.2.</strong></span> <span class='ocrx_word' id='word_1_238' title='bbox 1172 1854 1207 1890; x_wconf 84' lang='lat'><strong>5.</strong></span> <span class='ocrx_word' id='word_1_239' title='bbox 1232 1855 1332 1890; x_wconf 81' lang='lat' dir='ltr'><strong>Rivii</strong></span> <span class='ocrx_word' id='word_1_240' title='bbox 1354 1866 1437 1890; x_wconf 86' lang='lat' dir='ltr'><strong>mss.</strong></span> <span class='ocrx_word' id='word_1_241' title='bbox 1460 1859 1495 1890; x_wconf 86' lang='lat' dir='ltr'><strong>et</strong></span> <span class='ocrx_word' id='word_1_242' title='bbox 1517 1855 1638 1890; x_wconf 76' lang='lat' dir='ltr'><strong>Leidd.</strong></span> 
     </span>
     <span class='ocr_line' id='line_1_26' title="bbox 254 1911 1649 1959; baseline 0.001 -13"><span class='ocrx_word' id='word_1_243' title='bbox 254 1911 285 1946; x_wconf 86' lang='lat'><strong>1.</strong></span> <span class='ocrx_word' id='word_1_244' title='bbox 309 1913 349 1947; x_wconf 76' lang='lat' dir='ltr'><strong>L.</strong></span> <span class='ocrx_word' id='word_1_245' title='bbox 374 1912 426 1946; x_wconf 92' lang='grc' dir='ltr'><strong>Μ.</strong></span> <span class='ocrx_word' id='word_1_246' title='bbox 450 1912 493 1947; x_wconf 89' lang='lat' dir='ltr'><strong>N.</strong></span> <span class='ocrx_word' id='word_1_247' title='bbox 527 1913 576 1946; x_wconf 84' lang='lat' dir='ltr'><strong>ad</strong></span> <span class='ocrx_word' id='word_1_248' title='bbox 609 1912 670 1946; x_wconf 85' lang='lat' dir='ltr'><strong>hoc</strong></span> <span class='ocrx_word' id='word_1_249' title='bbox 700 1913 853 1954; x_wconf 81' lang='lat' dir='ltr'><strong>habent,</strong></span> <span class='ocrx_word' id='word_1_250' title='bbox 892 1913 986 1956; x_wconf 88' lang='lat' dir='ltr'><strong>quod</strong></span> <span class='ocrx_word' id='word_1_251' title='bbox 1021 1913 1232 1948; x_wconf 79' lang='lat' dir='ltr'><strong>Gerlachius</strong></span> <span class='ocrx_word' id='word_1_252' title='bbox 1262 1914 1299 1959; x_wconf 89' lang='lat' dir='ltr'><strong>in</strong></span> <span class='ocrx_word' id='word_1_253' title='bbox 1331 1917 1431 1948; x_wconf 77' lang='lat' dir='ltr'><strong>textu</strong></span> <span class='ocrx_word' id='word_1_254' title='bbox 1462 1914 1649 1958; x_wconf 62' lang='lat' dir='ltr'><strong>expressit„</strong></span> 
     </span>
     <span class='ocr_line' id='line_1_27' title="bbox 255 1969 1638 2024; baseline 0.002 -20"><span class='ocrx_word' id='word_1_255' title='bbox 255 1969 451 2013; x_wconf 80' lang='lat' dir='ltr'><strong>Receptam</strong></span> <span class='ocrx_word' id='word_1_256' title='bbox 486 1980 509 2004; x_wconf 75' lang='lat' dir='ltr'><strong>a</strong></span> <span class='ocrx_word' id='word_1_257' title='bbox 542 1969 644 2003; x_wconf 83' lang='lat' dir='ltr'><strong>nobis</strong></span> <span class='ocrx_word' id='word_1_258' title='bbox 676 1969 861 2003; x_wconf 84' lang='lat' dir='ltr'><strong>lectionem</strong></span> <span class='ocrx_word' id='word_1_259' title='bbox 887 1971 1058 2005; x_wconf 81' lang='lat' dir='ltr'><strong>Gruterus</strong></span> <span class='ocrx_word' id='word_1_260' title='bbox 1093 1982 1231 2024; x_wconf 77' lang='lat' dir='ltr'><strong>quoque</strong></span> <span class='ocrx_word' id='word_1_261' title='bbox 1263 1971 1372 2006; x_wconf 78' lang='lat' dir='ltr'><strong>habet</strong></span> <span class='ocrx_word' id='word_1_262' title='bbox 1401 1976 1438 2006; x_wconf 85' lang='lat' dir='ltr'><strong>et</strong></span> <span class='ocrx_word' id='word_1_263' title='bbox 1468 1973 1638 2018; x_wconf 63' lang='lat' dir='ltr'><strong>bangius,</strong></span> 
     </span>
     <span class='ocr_line' id='line_1_28' title="bbox 252 2020 1637 2074; baseline 0.002 -13"><span class='ocrx_word' id='word_1_264' title='bbox 252 2026 315 2072; x_wconf 86' lang='lat' dir='ltr'><strong>qui</strong></span> <span class='ocrx_word' id='word_1_265' title='bbox 337 2020 480 2062; x_wconf 75' lang='lat' dir='ltr'><strong>tamen</strong></span> <span class='ocrx_word' id='word_1_266' title='bbox 488 2038 551 2062; x_wconf 87' lang='lat' dir='ltr'><strong>eur</strong></span> <span class='ocrx_word' id='word_1_267' title='bbox 573 2027 623 2061; x_wconf 80' lang='lat' dir='ltr'><strong>ita</strong></span> <span class='ocrx_word' id='word_1_268' title='bbox 646 2026 866 2062; x_wconf 75' lang='lat' dir='ltr'><strong>scribendum</strong></span> <span class='ocrx_word' id='word_1_269' title='bbox 897 2027 944 2062; x_wconf 85' lang='lat' dir='ltr'><strong>sit</strong></span> <span class='ocrx_word' id='word_1_270' title='bbox 967 2029 1086 2063; x_wconf 88' lang='lat' dir='ltr'><strong>nescit.</strong></span> <span class='ocrx_word' id='word_1_271' title='bbox 1152 2029 1273 2073; x_wconf 81' lang='lat' dir='ltr'><strong>Neque</strong></span> <span class='ocrx_word' id='word_1_272' title='bbox 1305 2029 1438 2074; x_wconf 80' lang='lat' dir='ltr'><strong>aliquid</strong></span> <span class='ocrx_word' id='word_1_273' title='bbox 1460 2041 1503 2064; x_wconf 81' lang='lat' dir='ltr'><strong>ex</strong></span> <span class='ocrx_word' id='word_1_274' title='bbox 1525 2030 1637 2064; x_wconf 80' lang='lat' dir='ltr'><strong>Cor-tii</strong></span> 
     </span>
     <span class='ocr_line' id='line_1_29' title="bbox 253 2084 1635 2131; baseline 0.001 -12"><span class='ocrx_word' id='word_1_275' title='bbox 253 2085 427 2120; x_wconf 76' lang='lat' dir='ltr'><strong>annotatis</strong></span> <span class='ocrx_word' id='word_1_276' title='bbox 451 2086 496 2119; x_wconf 79' lang='lat' dir='ltr'><strong>ad</strong></span> <span class='ocrx_word' id='word_1_277' title='bbox 518 2097 549 2119; x_wconf 85' lang='lat' dir='ltr'><strong>c.</strong></span> <span class='ocrx_word' id='word_1_278' title='bbox 573 2084 693 2126; x_wconf 86' lang='lat' dir='ltr'>XLIV,</span> <span class='ocrx_word' id='word_1_279' title='bbox 715 2084 750 2118; x_wconf 88' lang='lat'><strong>6.</strong></span> <span class='ocrx_word' id='word_1_280' title='bbox 785 2084 973 2129; x_wconf 80' lang='lat' dir='ltr'><strong>proficias,</strong></span> <span class='ocrx_word' id='word_1_281' title='bbox 1002 2088 1161 2131; x_wconf 84' lang='lat' dir='ltr'><strong>exempla</strong></span> <span class='ocrx_word' id='word_1_282' title='bbox 1190 2088 1437 2122; x_wconf 76' lang='lat' dir='ltr'><strong>tantummodo</strong></span> <span class='ocrx_word' id='word_1_283' title='bbox 1463 2098 1505 2121; x_wconf 87' lang='lat' dir='ltr'><strong>ex</strong></span> <span class='ocrx_word' id='word_1_284' title='bbox 1527 2087 1635 2121; x_wconf 74' lang='lat' dir='ltr'><strong>variis</strong></span> 
     </span>
     <span class='ocr_line' id='line_1_30' title="bbox 251 2141 1635 2188; baseline 0.001 -10"><span class='ocrx_word' id='word_1_285' title='bbox 251 2142 483 2187; x_wconf 80' lang='lat' dir='ltr'><strong>scriptoribus</strong></span> <span class='ocrx_word' id='word_1_286' title='bbox 506 2141 715 2186; x_wconf 68' lang='lat' dir='ltr'><strong>colligentia,</strong></span> <span class='ocrx_word' id='word_1_287' title='bbox 734 2153 826 2185; x_wconf 80' lang='lat' dir='ltr'><strong>quae</strong></span> <span class='ocrx_word' id='word_1_288' title='bbox 848 2146 902 2177; x_wconf 72' lang='lat' dir='ltr'><strong>sat</strong></span> <span class='ocrx_word' id='word_1_289' title='bbox 922 2144 1035 2177; x_wconf 86' lang='lat' dir='ltr'><strong>multa</strong></span> <span class='ocrx_word' id='word_1_290' title='bbox 1053 2145 1144 2188; x_wconf 82' lang='lat' dir='ltr'><strong>apud</strong></span> <span class='ocrx_word' id='word_1_291' title='bbox 1167 2143 1280 2188; x_wconf 85' lang='lat' dir='ltr'><strong>ipsum</strong></span> <span class='ocrx_word' id='word_1_292' title='bbox 1305 2150 1387 2178; x_wconf 82' lang='lat' dir='ltr'><strong>sunt</strong></span> <span class='ocrx_word' id='word_1_293' title='bbox 1409 2145 1635 2186; x_wconf 48' lang='lat' dir='ltr'><strong>Sallustiana</strong></span> 
     </span>
     <span class='ocr_line' id='line_1_31' title="bbox 251 2194 1632 2246; baseline 0.001 -11"><span class='ocrx_word' id='word_1_294' title='bbox 251 2199 303 2235; x_wconf 80' lang='lat' dir='ltr'><strong>ita</strong></span> <span class='ocrx_word' id='word_1_295' title='bbox 329 2201 423 2236; x_wconf 88' lang='lat' dir='ltr'><strong>enim</strong></span> <span class='ocrx_word' id='word_1_296' title='bbox 445 2202 582 2235; x_wconf 88' lang='lat' dir='ltr'><strong>locutus</strong></span> <span class='ocrx_word' id='word_1_297' title='bbox 605 2203 655 2233; x_wconf 86' lang='lat' dir='ltr'><strong>est</strong></span> <span class='ocrx_word' id='word_1_298' title='bbox 679 2200 754 2234; x_wconf 85' lang='lat' dir='ltr'><strong>Cat.</strong></span> <span class='ocrx_word' id='word_1_299' title='bbox 772 2201 865 2242; x_wconf 87' lang='lat' dir='ltr'>XIV,</span> <span class='ocrx_word' id='word_1_300' title='bbox 877 2200 911 2235; x_wconf 83' lang='lat'><strong>3.</strong></span> <span class='ocrx_word' id='word_1_301' title='bbox 937 2202 1040 2243; x_wconf 85' lang='lat' dir='ltr'>XVII,</span> <span class='ocrx_word' id='word_1_302' title='bbox 1060 2201 1095 2235; x_wconf 77' lang='lat'><strong>4.</strong></span> <span class='ocrx_word' id='word_1_303' title='bbox 1115 2194 1209 2242; x_wconf 86' lang='lat' dir='ltr'>XXI,</span> <span class='ocrx_word' id='word_1_304' title='bbox 1218 2200 1253 2235; x_wconf 90' lang='lat'><strong>3.</strong></span> <span class='ocrx_word' id='word_1_305' title='bbox 1278 2202 1403 2243; x_wconf 73' lang='lat' dir='ltr'>XXVI,</span> <span class='ocrx_word' id='word_1_306' title='bbox 1417 2202 1451 2238; x_wconf 80' lang='grc'><strong>4.</strong></span> <span class='ocrx_word' id='word_1_307' title='bbox 1474 2203 1585 2246; x_wconf 87' lang='lat' dir='ltr'>XXX,</span> <span class='ocrx_word' id='word_1_308' title='bbox 1597 2202 1632 2237; x_wconf 82' lang='lat'><strong>6.</strong></span> 
     </span>
     <span class='ocr_line' id='line_1_32' title="bbox 253 2257 1630 2304; baseline 0.004 -12"><span class='ocrx_word' id='word_1_309' title='bbox 253 2258 382 2302; x_wconf 87' lang='lat' dir='ltr'>XXXI,</span> <span class='ocrx_word' id='word_1_310' title='bbox 408 2258 443 2294; x_wconf 89' lang='lat'><strong>3.</strong></span> <span class='ocrx_word' id='word_1_311' title='bbox 474 2257 655 2298; x_wconf 89' lang='lat' dir='ltr'>XXXVII,</span> <span class='ocrx_word' id='word_1_312' title='bbox 675 2257 732 2291; x_wconf 82' lang='lat'><strong>1⁰.</strong></span> <span class='ocrx_word' id='word_1_313' title='bbox 758 2258 879 2300; x_wconf 87' lang='lat' dir='ltr'>XLIV,</span> <span class='ocrx_word' id='word_1_314' title='bbox 900 2259 935 2292; x_wconf 84' lang='grc'><strong>6.</strong></span> <span class='ocrx_word' id='word_1_315' title='bbox 971 2258 1060 2300; x_wconf 88' lang='lat' dir='ltr'>LIII,</span> <span class='ocrx_word' id='word_1_316' title='bbox 1082 2258 1117 2292; x_wconf 83' lang='lat'><strong>3.</strong></span> <span class='ocrx_word' id='word_1_317' title='bbox 1149 2259 1229 2304; x_wconf 80' lang='lat' dir='ltr'>Ing.</span> <span class='ocrx_word' id='word_1_318' title='bbox 1258 2259 1315 2303; x_wconf 86' lang='lat' dir='ltr'><strong>VI,</strong></span> <span class='ocrx_word' id='word_1_319' title='bbox 1344 2260 1377 2294; x_wconf 89' lang='lat'><strong>1.</strong></span> <span class='ocrx_word' id='word_1_320' title='bbox 1413 2261 1543 2304; x_wconf 85' lang='lat' dir='ltr'>XXXI,</span> <span class='ocrx_word' id='word_1_321' title='bbox 1571 2259 1630 2298; x_wconf 88' lang='grc'><strong>28.</strong></span> 
     </span>
     <span class='ocr_line' id='line_1_33' title="bbox 251 2315 1633 2360; baseline 0.002 -10"><span class='ocrx_word' id='word_1_322' title='bbox 251 2315 425 2357; x_wconf 64' lang='grc' dir='ltr'><strong>ΧΙᾸΧΑ.</strong></span> <span class='ocrx_word' id='word_1_323' title='bbox 438 2315 579 2357; x_wconf 73' lang='lat' dir='ltr'>LXVII,</span> <span class='ocrx_word' id='word_1_324' title='bbox 591 2317 625 2349; x_wconf 88' lang='lat'><strong>1.</strong></span> <span class='ocrx_word' id='word_1_325' title='bbox 641 2315 777 2357; x_wconf 82' lang='lat' dir='ltr'>CXI,2.</span> <span class='ocrx_word' id='word_1_326' title='bbox 802 2320 836 2349; x_wconf 89' lang='lat' dir='ltr'><strong>et</strong></span> <span class='ocrx_word' id='word_1_327' title='bbox 859 2316 962 2357; x_wconf 81' lang='lat' dir='ltr'><strong>alibi3</strong></span> <span class='ocrx_word' id='word_1_328' title='bbox 987 2315 1113 2359; x_wconf 87' lang='lat' dir='ltr'><strong>quibus</strong></span> <span class='ocrx_word' id='word_1_329' title='bbox 1134 2316 1222 2350; x_wconf 88' lang='lat' dir='ltr'><strong>locis</strong></span> <span class='ocrx_word' id='word_1_330' title='bbox 1244 2317 1465 2360; x_wconf 78' lang='lat' dir='ltr'><strong>comparatis,</strong></span> <span class='ocrx_word' id='word_1_331' title='bbox 1478 2317 1633 2353; x_wconf 76' lang='lat' dir='ltr'><strong>invenies</strong></span> 
     </span>
     <span class='ocr_line' id='line_1_34' title="bbox 247 2371 1631 2417; baseline 0.002 -10"><span class='ocrx_word' id='word_1_332' title='bbox 247 2371 457 2408; x_wconf 79' lang='lat' dir='ltr'><strong>Sallustium</strong></span> <span class='ocrx_word' id='word_1_333' title='bbox 481 2373 538 2406; x_wconf 83' lang='lat' dir='ltr'><strong>his</strong></span> <span class='ocrx_word' id='word_1_334' title='bbox 561 2372 707 2406; x_wconf 83' lang='lat' dir='ltr'><strong>vocibus</strong></span> <span class='ocrx_word' id='word_1_335' title='bbox 737 2372 791 2406; x_wconf 88' lang='lat' dir='ltr'><strong>uti</strong></span> <span class='ocrx_word' id='word_1_336' title='bbox 814 2373 859 2406; x_wconf 77' lang='lat' dir='ltr'><strong>ad</strong></span> <span class='ocrx_word' id='word_1_337' title='bbox 885 2383 1015 2406; x_wconf 83' lang='lat' dir='ltr'><strong>novam</strong></span> <span class='ocrx_word' id='word_1_338' title='bbox 1037 2383 1111 2406; x_wconf 83' lang='lat' dir='ltr'><strong>rem</strong></span> <span class='ocrx_word' id='word_1_339' title='bbox 1135 2377 1171 2406; x_wconf 87' lang='lat' dir='ltr'><strong>et</strong></span> <span class='ocrx_word' id='word_1_340' title='bbox 1204 2384 1226 2407; x_wconf 81' lang='lat' dir='ltr'><strong>a</strong></span> <span class='ocrx_word' id='word_1_341' title='bbox 1258 2373 1434 2417; x_wconf 80' lang='lat' dir='ltr'><strong>prioribus</strong></span> <span class='ocrx_word' id='word_1_342' title='bbox 1456 2375 1631 2410; x_wconf 80' lang='lat' dir='ltr'><strong>diversam</strong></span> 
     </span>
     <span class='ocr_line' id='line_1_35' title="bbox 245 2430 1631 2477; baseline 0.003 -13"><span class='ocrx_word' id='word_1_343' title='bbox 245 2430 488 2473; x_wconf 75' lang='lat' dir='ltr'><strong>offerendam,</strong></span> <span class='ocrx_word' id='word_1_344' title='bbox 510 2430 683 2464; x_wconf 83' lang='lat' dir='ltr'><strong>similibus</strong></span> <span class='ocrx_word' id='word_1_345' title='bbox 707 2433 825 2464; x_wconf 88' lang='lat' dir='ltr'><strong>autem</strong></span> <span class='ocrx_word' id='word_1_346' title='bbox 847 2430 950 2464; x_wconf 83' lang='lat' dir='ltr'><strong>rebus</strong></span> <span class='ocrx_word' id='word_1_347' title='bbox 973 2430 1224 2475; x_wconf 84' lang='lat' dir='ltr'><strong>coniungendis</strong></span> <span class='ocrx_word' id='word_1_348' title='bbox 1247 2441 1307 2466; x_wconf 72' lang='lat' dir='ltr'><strong>eus</strong></span> <span class='ocrx_word' id='word_1_349' title='bbox 1328 2443 1506 2477; x_wconf 80' lang='lat' dir='ltr'><strong>nunquam</strong></span> <span class='ocrx_word' id='word_1_350' title='bbox 1529 2433 1631 2468; x_wconf 75' lang='lat' dir='ltr'><strong>adhi-</strong></span> 
     </span>
     <span class='ocr_line' id='line_1_36' title="bbox 247 2484 1629 2534; baseline 0.002 -12"><span class='ocrx_word' id='word_1_351' title='bbox 247 2486 336 2522; x_wconf 81' lang='lat' dir='ltr'><strong>beri.</strong></span> <span class='ocrx_word' id='word_1_352' title='bbox 383 2484 507 2522; x_wconf 85' lang='lat' dir='ltr'><strong>Nostro</strong></span> <span class='ocrx_word' id='word_1_353' title='bbox 532 2492 649 2522; x_wconf 83' lang='lat' dir='ltr'><strong>autem</strong></span> <span class='ocrx_word' id='word_1_354' title='bbox 670 2487 762 2529; x_wconf 87' lang='lat' dir='ltr'><strong>loco,</strong></span> <span class='ocrx_word' id='word_1_355' title='bbox 787 2498 894 2530; x_wconf 88' lang='lat' dir='ltr'><strong>quum</strong></span> <span class='ocrx_word' id='word_1_356' title='bbox 917 2497 1008 2531; x_wconf 80' lang='lat' dir='ltr'><strong>quae</strong></span> <span class='ocrx_word' id='word_1_357' title='bbox 1029 2493 1288 2531; x_wconf 80' lang='lat' dir='ltr'><strong>praecesserunt</strong></span> <span class='ocrx_word' id='word_1_358' title='bbox 1308 2500 1419 2534; x_wconf 78' lang='lat' dir='ltr'><strong>aeque</strong></span> <span class='ocrx_word' id='word_1_359' title='bbox 1441 2491 1629 2525; x_wconf 69' lang='lat' dir='ltr'><strong>maledictu</strong></span> 
     </span>
     <span class='ocr_line' id='line_1_37' title="bbox 246 2544 1628 2596; baseline 0.001 -16"><span class='ocrx_word' id='word_1_360' title='bbox 246 2544 317 2580; x_wconf 70' lang='lat' dir='ltr'><strong>sint</strong></span> <span class='ocrx_word' id='word_1_361' title='bbox 339 2555 380 2579; x_wconf 76' lang='lat' dir='ltr'><strong>ae</strong></span> <span class='ocrx_word' id='word_1_362' title='bbox 402 2556 492 2589; x_wconf 80' lang='lat' dir='ltr'><strong>quae</strong></span> <span class='ocrx_word' id='word_1_363' title='bbox 515 2549 718 2589; x_wconf 85' lang='lat' dir='ltr'><strong>sequuntur,</strong></span> <span class='ocrx_word' id='word_1_364' title='bbox 737 2544 864 2596; x_wconf 81' lang='lat' dir='ltr'><strong>quippe</strong></span> <span class='ocrx_word' id='word_1_365' title='bbox 887 2545 1012 2588; x_wconf 85' lang='lat' dir='ltr'><strong>quibus</strong></span> <span class='ocrx_word' id='word_1_366' title='bbox 1029 2544 1118 2579; x_wconf 76' lang='lat' dir='ltr'><strong>alius</strong></span> <span class='ocrx_word' id='word_1_367' title='bbox 1145 2549 1279 2593; x_wconf 58' lang='lat' dir='ltr'><strong>tgntum</strong></span> <span class='ocrx_word' id='word_1_368' title='bbox 1304 2547 1430 2582; x_wconf 80' lang='lat' dir='ltr'><strong>modus</strong></span> <span class='ocrx_word' id='word_1_369' title='bbox 1452 2547 1628 2582; x_wconf 81' lang='lat' dir='ltr'><strong>convicio-</strong></span> 
     </span>
    </p>
   </div>
   <div class='ocr_carea' id='block_1_6' title="bbox 244 2601 1701 2655">
    <p class='ocr_par' dir='ltr' id='par_1_7' title="bbox 244 2601 1701 2655">
     <span class='ocr_line' id='line_1_38' title="bbox 244 2601 1701 2655; baseline 0.002 -18"><span class='ocrx_word' id='word_1_370' title='bbox 244 2612 326 2636; x_wconf 85' lang='lat' dir='ltr'><strong>rum</strong></span> <span class='ocrx_word' id='word_1_371' title='bbox 343 2602 571 2643; x_wconf 68' lang='lat' dir='ltr'><strong>contineatur,</strong></span> <span class='ocrx_word' id='word_1_372' title='bbox 594 2602 672 2636; x_wconf 88' lang='lat' dir='ltr'><strong>luce</strong></span> <span class='ocrx_word' id='word_1_373' title='bbox 695 2602 827 2636; x_wconf 75' lang='lat' dir='ltr'><strong>clarius</strong></span> <span class='ocrx_word' id='word_1_374' title='bbox 850 2607 913 2645; x_wconf 85' lang='lat' dir='ltr'><strong>est,</strong></span> <span class='ocrx_word' id='word_1_375' title='bbox 935 2601 1214 2647; x_wconf 80' lang='lat' dir='ltr'><strong>coniungendam</strong></span> <span class='ocrx_word' id='word_1_376' title='bbox 1235 2615 1311 2639; x_wconf 81' lang='lat' dir='ltr'><strong>esse</strong></span> <span class='ocrx_word' id='word_1_377' title='bbox 1333 2605 1491 2639; x_wconf 73' lang='lat' dir='ltr'><strong>aa‘hoeec</strong></span> <span class='ocrx_word' id='word_1_378' title='bbox 1513 2606 1624 2640; x_wconf 76' lang='lat' dir='ltr'><strong>mle-</strong></span> <span class='ocrx_word' id='word_1_379' title='bbox 1685 2651 1701 2655; x_wconf 19' lang='grc' dir='ltr'>ὁ</span> 
     </span>
    </p>
   </div>
   <div class='ocr_carea' id='block_1_7' title="bbox 195 2656 1654 2762">
    <p class='ocr_par' dir='ltr' id='par_1_8' title="bbox 195 2656 1654 2762">
     <span class='ocr_line' id='line_1_39' title="bbox 243 2656 1654 2708; baseline 0.006 -17"><span class='ocrx_word' id='word_1_380' title='bbox 243 2658 363 2704; x_wconf 75' lang='lat' dir='ltr'><strong>dicta,</strong></span> <span class='ocrx_word' id='word_1_381' title='bbox 397 2670 467 2706; x_wconf 85' lang='lat' dir='ltr'><strong>quo</strong></span> <span class='ocrx_word' id='word_1_382' title='bbox 500 2658 606 2697; x_wconf 68' lang='lat' dir='ltr'><strong>simul</strong></span> <span class='ocrx_word' id='word_1_383' title='bbox 639 2658 675 2693; x_wconf 90' lang='lat' dir='ltr'><strong>id</strong></span> <span class='ocrx_word' id='word_1_384' title='bbox 701 2659 969 2704; x_wconf 70' lang='lat' dir='ltr'><strong>consequimur,</strong></span> <span class='ocrx_word' id='word_1_385' title='bbox 1000 2663 1040 2696; x_wconf 88' lang='lat' dir='ltr'><strong>ut</strong></span> <span class='ocrx_word' id='word_1_386' title='bbox 1073 2661 1148 2696; x_wconf 80' lang='lat' dir='ltr'><strong>alia</strong></span> <span class='ocrx_word' id='word_1_387' title='bbox 1169 2662 1304 2699; x_wconf 82' lang='lat' dir='ltr'><strong>maiore</strong></span> <span class='ocrx_word' id='word_1_388' title='bbox 1333 2662 1372 2698; x_wconf 80' lang='lat' dir='ltr'><strong>vi</strong></span> <span class='ocrx_word' id='word_1_389' title='bbox 1400 2663 1624 2708; x_wconf 72' lang='lat' dir='ltr'><strong>pronunciari</strong></span> <span class='ocrx_word' id='word_1_390' title='bbox 1645 2656 1654 2661; x_wconf 68' lang='grc'><strong>’</strong></span> 
     </span>
     <span class='ocr_line' id='line_1_40' title="bbox 195 2716 374 2762; baseline 0.022 -12"><span class='ocrx_word' id='word_1_391' title='bbox 195 2741 198 2744; x_wconf 78' lang='lat'><em>,</em></span> <span class='ocrx_word' id='word_1_392' title='bbox 238 2716 374 2762; x_wconf 42' lang='lat' dir='ltr'><strong>possit.</strong></span> 
     </span>
    </p>
   </div>
  </div>
 </body>
</html>
