1716 3210
303 337 456 396 Quum
483 341 632 384 autem
661 337 861 383 editionis
890 341 1068 383 nostrae
1100 337 1212 383 ratio
1241 338 1304 383 ita
1333 339 1527 385 instituta
1549 346 1678 397 esset,

301 447 351 487 ut
389 441 595 486 universo
631 445 802 486 tantum
841 424 973 501 operi
1010 440 1174 501 plenus
1207 440 1344 485 index
1380 413 1679 500 sufficeretur,

301 542 379 602 qui
404 547 586 604 praeter
623 543 950 588 annotationem
985 542 1045 587 ad
1077 542 1310 588 Catilinam
1341 549 1387 589 et
1417 543 1680 605 Iugurtham

302 660 357 690 ea
386 645 520 690 etiam
549 646 948 708 complecteretur,
993 661 1109 705 quae
1139 645 1198 691 in'
1217 644 1596 706 Fragmentorum
1624 646 1683 690 il-

301 747 558 794 lustratione
596 748 818 810 disputata
848 753 1018 806 essent,
1059 747 1105 792 in
1143 762 1199 792 eo
1234 748 1417 792 consilio
1442 748 1685 794 etiamnum

301 850 594 911 perstandum
631 866 874 897 censemus.
953 850 1026 896 Ne
1069 850 1140 895 cui
1171 850 1306 911 igitur
1341 849 1457 895 haec
1485 845 1599 895 inter
1635 865 1685 895 se

301 967 509 1013 pugnare
536 954 790 1012 videantur,
826 969 928 1011 eos,
958 965 1148 1013 quorum
1172 953 1416 998 rationibus
1438 967 1557 997 nunc
1576 967 1687 997 con-

304 1046 450 1100 sulere
500 1057 726 1113 constitui,
781 1056 974 1101 monitos
1017 1056 1175 1111 velim,
1228 1060 1279 1100 ut
1325 1054 1519 1099 indicem
1563 1053 1686 1098 hunc

302 1158 614 1204 tantummodo
642 1159 712 1204 ad
742 1164 964 1219 tempus
994 1158 1077 1203 sibi
1097 1158 1252 1202 datum
1271 1157 1532 1212 existiment,
1552 1172 1686 1216 quem

305 1266 522 1321 seponant
551 1276 605 1306 ac
629 1276 722 1306 non
749 1266 923 1306 exstare
951 1265 1124 1320 putent,
1151 1259 1231 1304 ubi
1258 1259 1470 1304 volumen
1495 1259 1687 1317 tertium,

304 1362 508 1423 pleniore
537 1363 614 1407 illo
647 1363 933 1419 instructum,
967 1362 1198 1423 prodierit.
1269 1360 1408 1417 Quod
1439 1376 1532 1421 quo
1557 1377 1688 1407 com-

304 1464 481 1510 modius
522 1466 624 1522 fiat,
669 1465 861 1523 suadeo,
905 1479 964 1509 ne
1004 1465 1100 1524 quis
1129 1463 1253 1510 hunc
1281 1463 1584 1524 appendicem
1614 1474 1689 1509 se-'

306 1566 455 1613 cundo
487 1568 699 1613 volumini
726 1583 812 1629 per
846 1547 1159 1628 bibliopegum
1194 1566 1565 1627 agglutinandum
1606 1581 1689 1611 cu-

305 1676 398 1729 ret,
447 1671 531 1716 sed
566 1686 768 1717 seorsum
806 1670 973 1715 habeat
1013 1685 1068 1714 ac
1111 1683 1192 1714 suo
1228 1674 1434 1730 tempore
1471 1683 1500 1713 a
1539 1673 1689 1713 nostra

304 1771 503 1820 Sallustii
534 1773 729 1819 editione
759 1787 942 1834 prorsus
976 1776 1220 1819 removeat.
1289 1771 1470 1815 Interim
1498 1776 1549 1815 nt
1573 1743 1690 1815 haec

306 1890 449 1937 opera
480 1882 630 1922 nostra
659 1890 795 1935 quam
821 1873 1020 1936 plurimis
1051 1873 1289 1918 commode
1313 1872 1522 1918 adveniat
1548 1872 1690 1918 vehe-

307 1984 481 2024 menter
504 1984 781 2040 exoptamus.

346 2092 349 2096 Α
376 2088 652 2163 ἡδοτίἰκῑῑηιηι
681 2115 854 2162 Erfurti
883 2114 927 2163 d.
955 2113 1032 2160 VI.
1063 2113 1131 2161 ld.
1165 2112 1351 2159 Octobr.
1381 2126 1688 2158 mocccxxxiv.
