1716 3210
190 214 277 256 290
553 209 602 252 G.
630 207 970 251 SALLUSTI
1009 206 1247 253 clusm

195 325 433 390 pugnandi
478 339 571 371 non
623 323 755 379 dare3
813 325 1023 386 sperabat
1077 303 1351 387 propediem
1397 343 1586 391 magnas

198 421 356 480 copias
388 433 486 464 sese
517 415 803 474 habiturum,
838 417 875 463 si
906 418 1085 464 Romae
1126 419 1239 466 socii
1278 419 1460 480 incepta
1500 416 1590 483 pa·-
1642 459 1646 467 .

161 511 444 561 5travissent.
512 508 689 555 Interea
731 509 907 555 servitia
949 509 1241 570 repudiabat,
1294 512 1421 558 cuius
1462 511 1589 559 initio

200 601 262 647 ad
294 617 399 649 eum
431 616 627 668 magnae
669 600 832 668 copiae
874 603 1222 663 concurrebant,
1267 603 1432 669 opibus
1455 602 1592 656 'con-⁴

201 771 228 807 1.
251 772 298 815 1.,
329 784 440 821 quum
471 773 666 810 cavendum
691 784 767 811 esse
788 773 1026 818 praeciperet,
1056 771 1187 809 iudicio
1209 773 1328 819 lapsus
1349 777 1424 819 est,
1463 772 1596 820 pariter

203 834 310 875 atque
331 830 370 867 in
392 832 493 870 Glav.
519 832 592 867 Cic.
627 832 664 867 h.
686 843 722 867 v.
751 832 814 867 uhi
844 843 1030 877 perperam
1059 832 1134 866 Cic.
1159 832 1256 869 nael.
1281 845 1312 867 c.
1341 831 1401 876 25,
1427 830 1488 866 96.
1522 831 1595 876 hnc

204 889 324 925 refert.
370 889 492 934 Neque
525 889 739 925 Gerlachius
770 890 982 932 imitandus,
1013 890 1073 935 qui
1103 901 1168 924 suo
1200 901 1238 924 se
1268 889 1466 936 elegantiae
1495 901 1597 924 seusu

205 945 352 997 ductum
373 946 599 992 participium
622 958 811 992 agnoscere
833 948 906 990 ait3
941 959 1023 982 nam
1055 948 1118 982 ubi
1141 947 1310 982 iudicium
1332 943 1451 983 valere
1480 948 1596 990 debet,

206 1002 273 1036 iste
295 1014 437 1049 sensus,
460 1004 498 1039 in
520 1006 602 1040 aliis
625 1006 735 1048 alius,
759 1011 885 1050 parum
908 1009 1020 1040 certus
1052 1005 1127 1039 veri
1149 1005 1336 1051 indagator
1358 1011 1421 1042 cst.
1474 998 1598 1040 'Versus

207 1059 385 1105 participii
417 1068 579 1097 sexcenta
602 1065 765 1108 exempla
788 1063 881 1097 Livii
909 1063 1111 1108 interpretes
1144 1069 1411 1111 congesserunt,
1444 1075 1531 1117 quos
1561 1074 1595 1098 v.

208 1119 254 1153 ad
278 1118 393 1161 1x‚2,
412 1119 471 1155 15.
496 1121 656 1162 XXXVL
675 1121 733 1164 15,
752 1122 787 1156 7.
810 1123 1004 1163 xxxun,
1024 1120 1083 1164 51,
1099 1121 1134 1156 3.

301 1178 466 1221 sperabat
504 1178 706 1223 propediem
746 1190 898 1224 magnas
941 1180 1059 1224 copias
1102 1190 1176 1214 sese
1218 1178 1443 1224 habiturum]
1483 1178 1600 1212 Verba.

208 1245 363 1279 magnas
403 1236 521 1280 copias
562 1234 693 1269 codicis
730 1237 762 1269 Gr
767 1237 849 1270 uelf.
878 1237 936 1270 11.
980 1237 1188 1271 auctoritate
1224 1237 1362 1272 Cottius
1395 1236 1518 1279 eiecit,
1557 1246 1601 1269 ne

209 1292 329 1336 copiae
353 1294 407 1327 ter
436 1293 507 1327 hoe
538 1293 654 1336 capite
677 1293 875 1338 legeretur,
907 1294 1000 1337 quod
1021 1305 1128 1338 quam
1150 1294 1385 1328 inconsultum
1418 1293 1483 1336 sit,
1514 1291 1604 1326 dixi-

210 1360 290 1383 mus
322 1349 368 1383 ad
398 1361 428 1397 c.
456 1351 519 1392 lx,
547 1350 582 1386 4.
628 1351 720 1385 Cum
751 1351 870 1385 Cortio
901 1355 1019 1386 tamen
1051 1344 1137 1386 facit
1159 1339 1409 1396 Ktinhardtus,
1438 1350 1604 1395 supplens

211 1407 424 1441 occasionem
445 1408 646 1452 pugnandi,
670 1409 776 1452 plane
798 1413 920 1443 contra
944 1410 1095 1444 auctoris
1118 1413 1282 1451 mentem,
1305 1414 1341 1443 et
1362 1407 1431 1443 loci
1453 1419 1602 1450 nexum3

213 1463 276 1507 qui
299 1464 395 1498 enim
427 1465 606 1510 pugnandi
639 1466 779 1510 copiam
801 1479 870 1500 non
893 1468 1024 1510 dabat,
1055 1468 1213 1502 habebat
1242 1470 1354 1509 certe,
1384 1477 1497 1510 neque
1527 1468 1605 1499 erat

213 1521 308 1565 quod
339 1527 496 1566 speraret
536 1535 612 1558 sese
643 1524 862 1559 habiturum.
916 1524 1109 1569 Reputanti
1145 1530 1264 1559 autom
1303 1525 1476 1559 Catilinae
1503 1536 1604 1558 exer-

214 1579 326 1613 citum
347 1591 459 1624 neque
482 1581 565 1616 satis
597 1593 786 1627 magnum,
820 1594 932 1627 neque
954 1582 1037 1617 satis
1060 1583 1267 1616 instructum
1297 1583 1342 1617 ad
1376 1576 1606 1628 pugnandum

216 1636 345 1679 ruisse,
381 1638 528 1673 dubium
559 1651 636 1674 esse
658 1640 798 1684 nequit,
832 1641 916 1684 quin
950 1640 1013 1675 illa
1043 1641 1152 1674 verba
1175 1640 1212 1674 h.
1238 1640 1264 1675 1.
1289 1640 1484 1675 necessaria
1514 1639 1605 1680 sint5

218 1705 302 1728 nam
334 1706 404 1738 qua
438 1708 478 1730 re
508 1698 627 1743 magis
656 1701 813 1743 speraret
843 1709 1029 1732 numerum
1060 1697 1212 1731 militum
1237 1702 1381 1733 auctum
1402 1698 1469 1743 iri,
1501 1709 1608 1742 quam

216 1752 248 1786 si
279 1752 474 1788 coniuratio
508 1755 648 1789 Romae
678 1755 867 1799 valuisset,
910 1767 952 1790 ac
985 1756 1085 1799 plebs
1115 1766 1288 1790 novarum
1329 1767 1449 1792 rerum
1480 1755 1609 1799 cupida.

217 1808 339 1854 ipsum
376 1815 497 1847 secuta
541 1813 659 1848 esset?
707 1813 814 1848 Talia
854 1825 935 1847 enm
973 1813 1046 1847 iam
1087 1812 1182 1856 prius
1221 1813 1398 1859 cogitasse
1432 1817 1529 1857 patet
1565 1824 1608 1847 ex

221 1878 252 1902 c.
285 1868 409 1911 XLIII,
433 1869 468 1904 2.
512 1870 626 1905 Cor-tii
657 1870 867 1915 scripturam
888 1870 1063 1915 ,peiorem
1102 1870 1211 1905 etiam
1250 1871 1408 1905 fecerunt
1442 1870 1611 1915 Blpontt„

222 1937 286 1970 pro
308 1928 474 1971 sperabat
496 1927 698 1963 invehentes
711 1925 886 1973 =sperans,
910 1929 1008 1971 ‘quod
1031 1938 1245 1971 quamquam
1268 1928 1305 1962 in
1327 1928 1489 1963 undecim
1510 1929 1609 1963 codd.

223 1994 279 2027 ap.
323 1985 420 2020 Gerl.
461 1989 594 2031 exstat,
636 1991 754 2022 tamen
793 1986 1083 2030 interpolatorum
1128 1987 1199 2026 est,
1239 1984 1377 2029 ellipsin
1415 1986 1612 2032 particulae

224 2042 394 2077 caussalis
408 2068 418 2087 ,
451 2047 487 2078 et
516 2044 623 2079 simul
653 2043 898 2089 imperfectum
926 2042 1103 2078 infinitivo
1135 2042 1359 2077 subiunctum
1401 2054 1510 2089 aegre
1554 2044 1610 2078 fe-

225 2100 391 2134 rentium.
456 2103 650 2147 Utramque
697 2114 775 2138 rem
819 2101 1004 2146 aliquoties
1046 2100 1126 2136 -iam
1171 2101 1372 2147 tetigimns3
1417 2101 1519 2136 illam
1566 2102 1613 2136 ad

228 2158 390 2201 XXXIX,
407 2159 441 2194 4.
466 2163 501 2195 et
522 2161 580 2203 LI,
599 2161 647 2204 2.,
670 2162 764 2196 hanc
788 2161 834 2194 ad
856 2172 887 2194 c.
905 2160 997 2202 ΧΠ,
1011 2159 1046 2193 2.
1069 2158 1132 2193 ubi
1155 2170 1189 2195 v·

321 2219 355 2260 ἓ.
379 2216 414 2252 5.
471 2217 619 2254 servitia
649 2219 875 2265 repudiabat,
917 2216 1038 2262 cuius]
1085 2216 1189 2250 Cuius
1218 2227 1286 2250 non
1318 2217 1423 2251 modo
1452 2216 1614 2261 plurimis

230 2274 342 2317 codd„
366 2275 426 2309 sed
448 2276 562 2311 etiam
579 2276 751 2311 Prisciani
774 2276 983 2312 auctoritate
1004 2274 1115 2317 xvn,
1140 2273 1199 2316 2⁰,
1215 2273 1295 2309 156.
1319 2286 1353 2319 p.
1372 2274 1431 2310 81.
1462 2275 1529 2312 Ed.
1550 2275 1614 2310 Kr.

230 2331 373 2374 nititur-3
400 2345 510 2377 prope
542 2334 710 2368 accedunt
733 2334 830 2370 Laid.
849 2336 893 2369 1).
925 2334 1007 2368 Bas.
1029 2333 1053 2367 3
1079 2332 1113 2366 4.
1146 2331 1265 2367 Guelf.
1286 2331 1320 2366 9.
1338 2331 1396 2365 10.
1430 2332 1467 2366 in
1488 2331 1616 2377 quibus

232 2393 285 2423 est
316 2391 411 2424 cuius
434 2392 508 2432 rei,
550 2392 610 2424 sed
641 2391 785 2436 gravius
816 2390 1014 2434 interpolati
1049 2393 1129 2424 sunt
1162 2398 1319 2434 quorum.
1337 2392 1517 2431 tenentes,
1553 2390 1614 2433 qui

233 2448 340 2491 pauci
371 2453 460 2484 sunt.
517 2448 667 2483 Numeri
692 2450 810 2483 autem
841 2448 968 2483 mutati
985 2470 988 2474 -
1006 2445 1181 2481 excusatio
1210 2447 1293 2481 inde
1321 2447 1491 2492 petenda,
1523 2446 1618 2491 quod

184 2534 199 2536 J
234 2515 291 2538 res
323 2505 445 2548 aliqua
477 2507 655 2541 indefinite
692 2507 846 2551 cogitata
876 2506 975 2540 nullo
1006 2506 1082 2539 fere
1115 2502 1305 2539 sententiae
1347 2505 1549 2540 discrimine
1579 2509 1616 2540 et

237 2562 366 2607 plurali
399 2567 435 2598 et
472 2564 644 2609 singulari
685 2564 865 2599 enunciari
905 2566 1035 2607 potest3
1077 2563 1170 2606 quod
1207 2562 1319 2607 igitur
1362 2563 1400 2598 in
1437 2563 1617 2599 disiunctis

237 2619 536 2656 enunciationibns
558 2622 667 2667 licet,
693 2623 732 2657 id
752 2622 872 2667 paullo
907 2620 1053 2655 liberius
1082 2619 1119 2655 in
1149 2620 1273 2656 eadem
1301 2623 1490 2656 verborum
1520 2632 1618 2657 eom-

239 2676 400 2725 plegrinne
422 2679 612 2713 admissum
636 2682 707 2722 est,
742 2679 841 2714 euius
864 2681 1082 2720 structurae,
1118 2677 1178 2712 ubi
1202 2689 1224 2712 a
1247 2679 1380 2724 plurali
1399 2690 1546 2715 numero
1568 2680 1615 2715 ad

240 2734 470 2784 singularem-
487 2737 651 2773 transitus
683 2737 808 2781 fiebat,
839 2747 945 2782 supra
974 2735 1108 2781 aliquot
1139 2737 1307 2782 exempla*
1329 2737 1390 2774 ad·
1405 2750 1436 2776 c.
1467 2738 1560 2783 xm,
1582 2737 1617 2773 1.
