1716 3210
523 213 1087 266 PRAEFAT1·0.·
1455 188 1531 257 α’

119 341 365 399 videmnus
383 351 660 399 quamquam
690 333 788 382 hoc
819 337 943 379 recte
983 330 1085 378 fieri
1117 332 1392 389 concedant,
1426 337 1502 377 ta·-

120 436 242 468 ma·
258 421 366 468 vitio
402 420 533 464 nobis
575 418 783 472 daturos,
823 413 952 473 quod
994 412 1220 459 interdum
1262 414 1309 459 in
1353 413 1511 473 expli--

122 499 278 549 caudis
319 501 563 546 rationibus
613 497 773 560 paullo
817 493 1049 555 longiores
1099 495 1327 541 fuerimus.
1406 493 1505 540 Sed

120 581 155 626 ii
193 582 422 641 reputent
446 579 622 634 velim‚·
646 575 991 624 commentarios
1019 618 1022 619 γ
1043 581 1220 621 nostros
1241 592 1244 597 ·
1271 589 1364 621 non
1410 581 1507 620 tam

122 661 226 705 viris
257 660 431 716 doctis,
447 659 544 717 *qui
577 658 741 702 talibus
773 670 865 700 non
898 655 1118 716 indigent,
1152 670 1289 713 quain
1323 657 1509 718 linguae

122 739 563 790 latinaexstudiosis·
579 753 674 783 esse
710 737 969 782 destinatos.
1037 736 1339 795 Perspicuitas
1370 737 1511 797 igitur

122 826 263 879 quum
304 818 433 864 haud
475 819 635 866 ultima
686 818 823 863 virtus
867 816 1096 862 videretur
1141 816 1245 861 libri
1287 817 1334 861 in
1378 832 1508 862 nsum

119 898 476 946 adolescentium
532 898 802 958 conscripti,
867 912 969 942 eam
1026 903 1077 942 ut
1131 911 1511 956 consequeremur

124 978 361 1029 maluimus
393 979 618 1025 interdum
651 978 812 1039 paullo
845 978 1053 1039 pluribus
1085 977 1233 1022 verbis
1267 977 1347 1033 uti,
1371 990 1510 1035 quam

123 1058 270 1104 verbis
301 1059 532 1119 parcendo
567 1060 871 1120 committere,
912 1064 964 1103 ut
995 1073 1114 1118 quae
1147 1063 1296 1102 nostra
1330 1063 1509 1101 senten-

124 1138 187 1184 tia
220 1146 334 1184 esset
372 1140 525 1200 potius
567 1139 756 1186 divinari
797 1144 1056 1201 oporteret,
1100 1130 1257 1198 quam'
1282 1144 1406 1183 recte
1438 1138 1512 1181 in-

125 1219 275 1281 telligi
305 1226 470 1280 posset.

264 1301 422 1347 Varias
464 1301 703 1362 scripturas
742 1315 834 1346 non
872 1301 1098 1346 attulimus
1142 1315 1321 1354 omnes,
1362 1313 1514 1358 neque

129 1393 246 1440 opus
283 1374 400 1438 erat,
434 1381 517 1426 nisi
549 1382 629 1426 ubi
659 1382 735 1427 vel
769 1382 993 1427 editorum
1033 1381 1202 1426 incuria
1235 1395 1343 1425 vera
1376 1380 1516 1425 lectio

131 1461 370 1507 obseruata
391 1455 520 1518 esset,
553 1462 629 1507 vel
656 1463 840 1506 omnino
864 1461 1099 1521 quomodo
1121 1460 1407 1506 scribendum
1443 1477 1519 1505 es-

132 1546 201 1585 set
226 1541 364 1586 valde
384 1541 600 1586 incertum
619 1541 859 1587 videretur.
927 1541 1160 1587 Interdum
1194 1547 1345 1586 tamen
1381 1541 1520 1586 etiam

134 1620 324 1666 leviores
356 1621 605 1681 scripturae
647 1623 890 1668 varietates
925 1622 1227 1680 laudavimus,
1271 1637 1391 1680 quae
1432 1622 1521 1666 ali—

134 1716 278 1761 quam‘
305 1686 535 1747 derebus
567 1703 872 1763 grammaticis
891 1702 1137 1747 disserendi
1172 1703 1355 1762 copiam
1383 1717 1522 1762 prae-

135 1782 321 1839 berent,
344 1781 414 1827 1id
460 1782 589 1828 haud
634 1784 793 1829 inutile
834 1784 887 1828 iis
931 1784 1034 1828 fore
1077 1783 1187 1840 rati,
1229 1782 1309 1842 qui
1362 1783 1523 1842 quovis

136 1861 280 1908 modo
321 1862 416 1908 'adv
446 1865 769 1911 accuratiorem
830 1865 1154 1925 grammaticae
1210 1865 1523 1925 cognitionem

139 1941 365 1987 excitandi
423 1949 469 1988 et
517 1944 775 1991 adducendi
816 1951 939 2000 sunt,
989 1946 1170 2004 quippe
1224 1959 1255 1989 a
1296 1958 1388 2003 qua
1446 1944 1524 1990 vel

139 2012 334 2069 maxime
374 2029 556 2070 *veteres
600 2032 723 2071 recte
773 2026 1059 2087 intelligendi
1109 2025 1526 2086 interpretandique

140 2103 255 2149 ratio
299 2104 513 2165 pendeat.
590 2106 862 2152 Incredibile
914 2113 981 2151 est
1024 2113 1199 2162 autem,
1243 2113 1527 2166 quantopere

141 2184 228 2229 isto
268 2185 449 2230 nomine
494 2199 542 2229 a*
564 2186 765 2231 Sallustii
804 2187 1073 2242 editoribus,
1115 2187 1152 2230 si
1187 2187 1244 2231 ab
1277 2201 1369 2231 nno
1404 2186 1529 2231 Her-

143 2265 282 2325 zogio
326 2266 600 2322 discesseris,
643 2274 884 2327 peecatum
930 2267 998 2311 sit.
1067 2268 1161 2324 Qui
1188 2268 1244 2312 'si
1288 2267 1466 2326 saepius
1500 2281 1531 2310 a

132 2359 221 2390 ·me
251 2347 392 2390 notati
424 2346 620 2404 fuerunt,
652 2349 864 2408 profecto
897 2363 989 2392 non
1023 2363 1079 2393 eo
1113 2349 1285 2394 factum
1320 2354 1401 2403 est,
1435 2361 1531 2406 quo

147 2439 304 2470 eorum
348 2427 557 2472 laudibus
600 2430 825 2475 meritisve
869 2426 1040 2487 aliquid
1087 2428 1404 2483 detraherem,
1449 2425 1532 2471 sed

146 2505 254 2563 quia
295 2521 365 2551 res
416 2508 518 2566 ipsa
559 2509 767 2574 flagitare
819 2510 1080 2566 videbatur,
1130 2515 1184 2555 nt
1225 2526 1344 2568 quae
1398 2523 1533 2553 verae

146 2587 500 2646 interpretationi
550 2580 778 2647 obessent,
833 2606 927 2635 non
983 2589 1175 2650 amplius
1224 2589 1535 2649 intempestiva

148 2666 428 2727 indulgentia
479 2670 796 2727 tolerarentur,
849 2672 928 2717 sed
977 2677 1028 2716 ut
1070 2671 1188 2715 falsa
1233 2677 1279 2716 et
1321 2685 1534 2730 perversa

151 2747 513 2809 exploderentur.
581 2750 695 2797 lnde
727 2753 897 2798 multae
930 2754 1058 2797 nobis
1093 2760 1225 2797 natae
1258 2758 1359 2796 sunt
1391 2763 1535 2793 auno-
