1716 3210
228 215 312 258 151
569 212 616 254 C.
655 211 995 254 SALLUSTI
1028 213 1257 257 chSl’l

225 327 426 382 haber03
470 333 592 373 tanta
635 328 815 373 saevitia
859 327 1160 374 feneratorum
1207 335 1341 390 atque
1385 329 1607 377 Praetoris

183 421 326 467 afuit.
396 419 545 480 Saepe
587 421 779 465 maiores
821 427 1045 476 vostrum,
1091 422 1272 466 miseriti
1314 423 1461 482 plebis
1506 424 1606 468 Ro—

225 527 400 568 manae,
435 512 627 558 decretis
662 513 748 558 suis
782 499 962 572 inopiae
994 512 1199 574 opitulati
1233 519 1348 573 sunt,
1382 529 1437 562 ac
1456 516 1607 571 novis-

223 656 379 692 uncz'an'o
394 659 504 702 senus
519 659 670 703 sactum.
702 658 752 698 id.
775 659 919 699 XXXV,
930 657 964 701 7,
975 658 1007 695 1.
1032 669 1136 703 quum
1158 660 1276 694 multis
1290 659 1494 704 senebribus
1516 659 1607 706 legi-

224 715 288 751 bus
322 716 504 751 constricta
534 718 689 751 avaritia
720 721 820 751 esset.
886 715 956 750 Sed
988 727 1117 760 parum
1145 716 1210 750 lias
1238 716 1418 761 aliasque,
1453 727 1539 761 quas
1569 727 1605 750 v.

224 773 320 818 apud
349 773 471 819 Sigon.
495 774 539 808 de
561 774 668 818 antiq.
698 774 775 808 iure
799 772 866 810 civ.
890 773 995 808 Rom.
1018 774 1063 816 11,
1096 785 1128 808 c.
1158 774 1238 816 11.,
1271 774 1317 809 ad
1347 773 1440 809 istud
1472 774 1607 809 malum
1653 790 1656 799 =

222 830 375 866 valuisse
397 843 439 866 ex
463 831 604 867 civitate
627 832 839 874 tollendum,
873 834 949 866 tum
971 843 1014 866 ex
1037 843 1161 867 earum
1192 836 1337 877 apparet
1370 831 1607 875 multitudine,

223 891 300 924 tum
323 901 366 923 ex
388 889 512 924 crebra
534 893 568 924 et
589 888 763 925 invidiosa
786 891 1023 924 feneratorum
1046 890 1399 931 commemoratione3
1430 901 1466 925 v.
1489 888 1605 924 Beier.

223 946 270 981 ad
294 946 367 983 Cio.
390 947 434 981 de
457 946 528 981 Off.
546 948 574 990 1,
591 947 649 991 42,
668 947 748 983 150.
782 951 816 982 et
839 948 884 982 ad
907 947 952 990 Π,
971 946 1029 990 25,
1048 946 1104 983 89.
1142 949 1259 992 Quam
1289 947 1428 992 perdita
1460 948 1608 996 istorum

222 1004 333 1040 fuerit
360 1005 528 1048 avaritia,
559 1000 688 1051 quippe
720 1005 781 1050 qui
817 1005 1034 1047 centesimis,
1072 1015 1159 1049 quas
1197 1004 1290 1049 ipsas
1319 1006 1608 1051 sanguinolentas

222 1067 327 1098 vocat
350 1063 484 1100 Seneca
505 1063 549 1097 de
570 1064 706 1099 Beneff.
724 1064 799 1106 Vll,
819 1063 889 1105 lo„
910 1074 978 1098 non
1001 1062 1164 1104 contenti,
1186 1061 1312 1105 binas,
1336 1067 1476 1105 ternas,
1500 1062 1606 1097 adeo-

220 1132 290 1165 que
313 1121 454 1165 quinas,
478 1120 585 1165 capiti
608 1121 801 1165 detractae,
825 1121 1025 1167 exigerent,
1048 1121 1149 1155 docet
1171 1120 1297 1156 Horat.
1321 1120 1396 1156 Sat.
1421 1122 1449 1166 1,
1481 1121 1517 1163 2,
1547 1119 1605 1154 14.

220 1178 284 1213 ubi
306 1189 342 1213 v,
366 1178 548 1213 Heindorf.
572 1179 619 1214 cf.
643 1179 780 1213 Ernesti
802 1178 840 1213 in
863 1180 1013 1224 Opuscc.
1037 1178 1176 1223 philon.
1199 1181 1235 1213 et
1257 1178 1349 1215 crltt.
1383 1190 1417 1223 p.
1447 1177 1505 1212 10.
1535 1177 1604 1211 Ed.

221 1236 336 1282 Lngd.
383 1237 437 1271 De
461 1236 552 1271 aeris
573 1236 681 1271 alieni
702 1237 774 1272 illis
797 1235 1011 1280 temporibus
1032 1236 1274 1282 magnitudine
1306 1247 1342 1272 v.
1364 1236 1439 1271 Cic.
1463 1235 1508 1270 de
1530 1234 1604 1269 off.

221 1291 269 1337 11,
287 1293 346 1336 24,
368 1293 425 1330 84.
460 1293 585 1338 ibique
608 1293 726 1330 Beier.
754 1313 802 1321 --
843 1294 1006 1329 Liberum
1029 1306 1150 1340 corpus
1178 1306 1216 1329 se
1247 1306 1317 1330 non
1347 1294 1481 1328 habeto
1521 1302 1606 1326 con-

220 1355 437 1396 queruntur,
471 1351 556 1396 quia
587 1353 648 1397 qui
679 1353 845 1388 solvendo
879 1352 1032 1397 impares
1061 1356 1161 1387 erant
1203 1352 1435 1387 oreditoribus
1474 1348 1607 1385 servire

222 1410 415 1452 debebant3
438 1421 474 1445 v.
499 1409 576 1443 Liv.
594 1410 652 1452 Vl,
667 1409 725 1451 34,
743 1410 777 1447 1.
802 1422 906 1455 quam
928 1412 1001 1445 iam
1025 1422 1066 1444 ea:
1086 1421 1126 1446 re
1147 1411 1236 1446 nihil
1258 1410 1337 1445 dari
1356 1413 1482 1455 posset,
1496 1410 1606 1453 j'ama

222 1472 258 1505 et
281 1479 431 1513 corpore,
453 1468 602 1503 iudicati
625 1473 659 1504 et
682 1469 836 1512 addicti,
858 1468 1084 1503 'creditoribus
1106 1468 1380 1512 satisfaciebant.
1421 1466 1469 1512 cf.v
1489 1465 1604 1510 Legg,

222 1526 290 1561 XII
321 1525 437 1560 Tabb.
470 1526 564 1570 apud
600 1526 691 1561 Gen.
718 1526 797 1568 XX,
822 1525 857 1563 1.
899 1526 1007 1564 Tom.
1032 1526 1078 1562 11.
1109 1537 1145 1572 p.
1173 1526 1254 1563 29⁰.
1279 1525 1344 1560 Ed.
1368 1523 1450 1570 Rip.
1503 1523 1606 1567 Quae

221 1583 354 1620 misera
381 1581 580 1617 debitorum
610 1583 767 1618 condicio
798 1595 1012 1628 quamquam
1043 1584 1142 1619 varie
1179 1583 1431 1630 mitigabatur,
1466 1591 1502 1616 v.
1524 1579 1603 1615 Liv.

220 1642 314 1683 Vln,
339 1638 398 1683 28,
433 1643 543 1682 extr„
577 1640 706 1676 mansit
736 1646 852 1676 tamen
884 1641 1122 1686 aliquamdiu,
1144 1646 1184 1677 ut
1213 1642 1296 1678 nexi
1327 1643 1457 1683 essent,
1483 1641 1546 1673 aut
1566 1637 1604 1671 in

219 1699 363 1734 vincula
397 1698 628 1733 truderentur.
684 1698 832 1743 Quintil.
866 1700 1024 1734 Declam.
1052 1700 1112 1735 ΙΙΙ.
1143 1699 1260 1734 Valet.
1291 1699 1386 1734 Max.
1415 1697 1472 1739 lv,
1503 1695 1538 1737 8,
1565 1695 1602 1731 3.

219 1757 332 1792 Conr.
349 1776 397 1781 —
426 1756 602 1790 Praetoris
623 1768 670 1792 sc.
698 1757 845 1799 urbani,
869 1757 930 1801 qui
952 1757 1090 1792 iudiciis
1113 1760 1290 1801 praeerat,
1323 1754 1526 1801 civibusque
1547 1754 1604 1788 iun

221 1814 379 1855 dicebat3
411 1814 458 1848 cf.
482 1813 619 1847 Ernesti
644 1813 681 1846 in
703 1814 802 1848 Clav.
826 1814 899 1849 Cic.
923 1815 962 1851 h.
985 1826 1021 1849 v,
1065 1815 1159 1849 Eum
1190 1812 1359 1850 divitibus
1388 1813 1486 1849 haud
1520 1821 1604 1846 raro

219 1872 362 1916 favisse,
383 1879 465 1907 aere
486 1875 605 1905 autem
628 1871 741 1907 alieno
770 1872 888 1917 inique
922 1872 1050 1917 pressis
1079 1872 1195 1908 minus
1218 1873 1369 1909 fortasse
1399 1879 1506 1916 quam
1542 1867 1605 1902 de-

219 1931 327 1965 bebat
349 1930 472 1965 auxilii
495 1930 627 1973 tulisse,
650 1940 719 1963 non
742 1935 794 1965 est
816 1930 907 1974 quod
929 1929 1090 1972 mireris3
1119 1940 1251 1975 magna
1273 1929 1367 1964 enim
1395 1926 1603 1974 pecunioso-

219 1998 301 2023 rum
323 1988 417 2032 apud
439 1999 558 2023 omnes
582 1987 720 2023 ordines
743 1988 881 2034 gratia!
911 1988 959 2022 cf.
985 1986 1058 2023 Cic.
1081 1988 1126 2023 de
1148 1987 1222 2023 Off.
1245 1988 1307 2031 111,
1325 1986 1384 2030 14,
1403 1986 1440 2024 2.

313 2049 345 2089 §.
370 2046 404 2081 2.
460 2048 606 2083 maiores
646 2047 821 2091 vostrum]
868 2044 999 2080 omnes
1043 2046 1119 2080 fem
1160 2046 1259 2085 codd,
1298 2049 1414 2080 tenent
1454 2044 1602 2079 maiores

219 2105 328 2138 nostri
335 2116 349 2145 ‚·
381 2104 532 2149 quinque
555 2105 795 2139 tantummodo
828 2105 912 2138 mai.
946 2104 1077 2144 vestri,·
1107 2103 1167 2138 sed
1199 2107 1352 2139 vostram
1380 2098 1602 2137 scribendum

220 2173 296 2196 esse
318 2166 414 2206 patet
436 2175 479 2198 ex
503 2162 621 2198 Gellio
638 2163 716 2206 XX,
736 2162 770 2197 6.
813 2162 914 2206 Quae
942 2160 993 2196 ibi
1023 2165 1140 2196 tamen
1168 2158 1382 2204 Apollinaris
1413 2156 1600 2202 Sulpicius,

222 2220 330 2256 Gellii
352 2225 568 2265 praeceptor,
591 2221 634 2255 de
656 2232 721 2254 usu
744 2219 891 2266 genitivi
913 2218 1059 2264 pluralis
1081 2222 1232 2252 vestrum
1254 2221 1290 2253 et
1310 2217 1418 2252 vestri
1436 2216 1602 2260 disputat,

221 2277 357 2312 duobus
393 2279 544 2324 insignia
576 2282 657 2313 sunt
697 2278 886 2313 erroribus.
948 2277 1089 2312 Primus
1122 2278 1193 2320 est,
1228 2275 1322 2320 quod
1361 2271 1482 2311 nostro
1521 2272 1600 2308 loco

219 2337 339 2378 vestri,
363 2336 455 2380 quod
477 2336 541 2370 alii
563 2337 781 2380 maluerunt,
804 2347 867 2381 pro
890 2334 1046 2380 genitivo
1075 2334 1207 2382 babet,
1242 2344 1352 2377 quum
1387 2334 1506 2377 aperte
1536 2341 1602 2365 no-

221 2393 306 2427 min.
333 2393 504 2437 plut-..sih
552 2394 647 2429 Tum
677 2394 818 2429 omnino
841 2394 970 2428 falsum
1000 2394 1072 2434 est,
1102 2391 1196 2435 quod
1226 2390 1400 2427 contendit
1429 2389 1540 2424 nostri
1564 2386 1601 2423 et

220 2452 330 2485 vestri
350 2451 526 2496 genitivos
547 2463 622 2486 esse
644 2452 791 2496 pluralis
820 2450 976 2493 numeri,
1008 2459 1223 2494 quamquam
1252 2449 1343 2484 haee
1374 2446 1518 2492 opinio,
1552 2445 1599 2480 ab

220 2519 264 2543 eo
287 2508 368 2542 inde
391 2511 547 2553 tempore
567 2515 787 2556 propagata,
809 2521 854 2544 ne
877 2520 967 2542 nunc
989 2507 1147 2552 quidem,
1170 2510 1211 2541 ut
1232 2506 1305 2541 iam
1327 2504 1464 2550 pridem
1493 2503 1600 2538 debe-

220 2567 295 2609 bat,
318 2567 462 2611 explosa
485 2571 548 2610 est,
573 2568 633 2602 sed
656 2578 788 2609 omnes,
812 2566 918 2602 etiam
942 2565 1255 2610 praestantissimas
1278 2563 1432 2608 Zumptii
1464 2562 1516 2607 (§·
1538 2559 1597 2596 35.

220 2636 255 2671 p.
274 2624 375 2670 112.)
398 2629 434 2659 et
455 2623 683 2660 Ramshornii
707 2625 755 2668 (S.
772 2623 830 2660 46.
853 2636 887 2668 p.
908 2623 967 2659 73.
992 2628 1026 2659 et
1048 2626 1080 2666 ἓ.
1109 2621 1191 2666 158,
1211 2621 1246 2658 3.
1280 2633 1315 2669 p.
1342 2620 1444 2666 338.)
1475 2628 1598 2666 grm-

220 2683 369 2720 maticas
411 2683 554 2718 obsidet.
613 2682 674 2718 lsti
705 2681 799 2716 enim
828 2681 975 2728 genitivi
1013 2692 1082 2716 non
1111 2681 1258 2726 pluralis
1269 2705 1289 2723 ‚.
1317 2679 1378 2715 sed
1410 2677 1599 2734 singularis

220 2741 357 2778 numeri
378 2745 467 2785 mut,
490 2740 766 2787 descenduntque
787 2751 810 2777 a
830 2743 953 2779 neutro
978 2739 1224 2786 pronominum
1245 2737 1529 2785 possessivorum,
1555 2747 1598 2782 εξ
