1716 3210
260 238 344 279 132
609 233 655 273 C.
686 230 1296 278 SALLUSTI'GRISPI

261 350 438 411 privato
481 348 666 395 consilio
710 348 892 409 longius
931 350 1045 395 tueri
1088 356 1290 411 poterat,
1334 366 1481 411 neque
1516 367 1647 398 exer--

260 443 375 488 citus
419 439 565 484 Manli
619 447 809 499 quantus
861 447 938 485 aut
987 457 1079 501 quo
1137 441 1324 495 consilio
1380 444 1502 489 foret
1545 445 1648 488 satis

263 537 548 592 compertum
590 531 812 588 habebat,
858 546 955 578 rem
1000 533 1058 578 ad
1094 533 1308 578 Senatum
1353 535 1517 594 refert,
1556 536 1646 580 iam

259 679 339 714 Sed,
363 677 602 713 tantummodo
638 676 681 711 ad
706 676 830 711 Manlii
863 679 1023 712 conatum
1054 677 1141 713 belli
1164 678 1198 713 in
1224 678 1369 713 Etruria
1397 677 1567 715 excitandi
1590 690 1647 714 re-

251 736 370 782 spici,
393 735 551 780 (xxvn,
568 735 602 768 4.
627 734 785 776 xxvnl,
806 735 859 779 4.)
891 739 1039 779 apparet
1061 748 1103 771 ex
1126 735 1243 771 verbis
1274 732 1421 781 ancipiti
1443 738 1534 771 malo
1561 749 1646 782 pen-

260 800 392 839 motus,
427 793 521 838 quod
544 791 670 836 duplex
695 793 828 826 malum
851 797 947 827 recte
969 793 1240 838 interpretantur
1262 793 1457 838 periculum
1478 793 1646 838 reipubli-

260 855 323 889 cae
342 856 376 887 et
398 851 491 886 intra
514 850 636 883 urbem
668 859 691 882 a
714 849 903 884 coniuratis
939 854 973 884 et
1005 855 1105 885 extra
1135 850 1276 885 moenia
1299 862 1321 885 a
1343 851 1468 885 Manlii
1492 851 1646 886 exercitu

258 911 458 947 imminens.
505 908 560 941 De
582 906 620 939 vi
643 917 769 950 anceps
792 907 888 941 vocis
910 919 944 941 v.
969 907 1152 943 Bromium
1175 909 1220 942 ad
1243 908 1331 953 Nep.
1357 906 1529 944 Themist.
1541 907 1643 947 1113».

259 970 339 1004 coll.
361 969 438 1013 lug.
456 965 595 1006 LXVII,
613 963 648 1006 2.
683 975 795 1010 neque
817 965 935 999 caveri
958 977 1083 1010 anceps
1106 967 1238 1001 malum
1262 979 1374 1012 posse.
1410 969 1509 1002 Caes.
1532 966 1577 1002 Β.
1601 966 1642 1001 C.

256 1026 319 1068 111,
335 1024 393 1067 72,
415 1023 450 1060 2.
492 1034 560 1056 noa
584 1021 637 1055 illi
668 1022 854 1066 ancipitem
877 1026 1042 1057 terrorem
1065 1022 1192 1058 intra
1217 1031 1449 1070 extraque
1478 1025 1644 1059 ntuuitt'o—

257 1096 318 1120 nes
341 1092 485 1118 caussae
509 1080 640 1124 fuisse,
656 1079 872 1131 cogitabant.
918 1080 990 1115 Cic.
1014 1092 1048 1125 p.
1072 1082 1097 1115 l.
1122 1083 1218 1117 Man.
1252 1095 1283 1118 c.
1314 1083 1350 1127 4,
1376 1083 1411 1118 9.
1452 1089 1515 1126 ut,
1539 1094 1643 1128 quum

257 1143 389 1177 duobus
421 1141 457 1173 in
491 1138 614 1172 locis
646 1136 1045 1172 disiunctissimis
1091 1150 1113 1171 a
1149 1139 1275 1173 binio
1304 1140 1454 1176 hostium
1492 1142 1643 1185 copiis

257 1201 382 1236 bellum
404 1200 604 1243 gereretur,
637 1206 697 1229 vos
721 1195 867 1239 ancipiti
898 1196 1110 1230 contentione
1134 1197 1284 1232 districti
1307 1199 1350 1232 cle
1373 1199 1515 1244 imperio
1539 1198 1642 1233 dimi—

255 1257 396 1294 curctis.
706 1287 710 1294 f
800 1285 805 1291 ,
1416 1287 1417 1290 ,

347 1325 422 1357 rem
446 1311 494 1346 ad
527 1311 695 1345 Senatum
717 1312 828 1355 refert
855 1330 902 1337 —
935 1311 1184 1358 exagitatam]
1228 1313 1464 1349 Offensionem
1496 1311 1641 1358 praebet

255 1373 369 1415 ratio,
405 1381 477 1416 qua
508 1370 578 1404 hae
608 1369 797 1403 sententiae
819 1369 865 1404 ad
888 1381 926 1404 se
948 1370 1170 1413 referuntur3
1200 1376 1296 1416 patet
1327 1370 1443 1413 enim,
1470 1369 1640 1415 vulgatae

256 1432 367 1467 verba
388 1440 459 1464 non
482 1428 584 1463 aliter
607 1426 689 1471 capi
711 1438 824 1471 posse,
839 1427 907 1462 nisi
929 1431 968 1462 ut
994 1429 1142 1463 Senatui
1164 1433 1358 1474 opponatur
1379 1429 1515 1474 volgus,
1531 1437 1639 1471 quum

254 1495 372 1530 tamen
393 1497 511 1523 sensus
540 1483 611 1518 loci
634 1485 804 1528 postulet,
837 1490 875 1521 ut
897 1486 1068 1530 oppositio
1090 1487 1136 1520 ad
1157 1489 1264 1530 refert
1286 1487 1434 1520 verbum
1457 1484 1638 1530 pertineat,

255 1548 348 1594 quod
379 1545 490 1579 verba
521 1544 594 1576 iam
629 1546 738 1575 antea
770 1547 868 1577 recte
903 1543 1081 1578 intellecta
1113 1544 1247 1578 docent.
1309 1541 1486 1579 Nimirum
1508 1545 1637 1587 referre

254 1604 439 1652 proprium
470 1600 681 1635 vocabulum
716 1603 813 1641 erut,
849 1600 911 1635 ubi
943 1601 1085 1636 Senatui
1123 1602 1259 1646 aliquid
1293 1602 1352 1637 vel
1381 1601 1638 1646 proponebatur

253 1660 582 1705 velmunciabatur,
615 1657 658 1691 de
689 1667 759 1701 quo
783 1659 1119 1693 senatusconsultum
1154 1657 1274 1702 fieret,
1307 1659 1412 1703 idque
1434 1658 1637 1693 consulibus

252 1718 530 1763 modolicebat,
564 1726 646 1749 raro
668 1714 816 1749 tribunis
847 1719 882 1749 et
904 1717 1143 1759 praetoribus;
1179 1717 1226 1751 cf.
1253 1716 1451 1751 Ernostium
1475 1716 1511 1750 in
1534 1715 1635 1751 clav.

253 1779 325 1814 Cic.
347 1787 383 1810 v.
407 1777 559 1818 rescive,
585 1776 619 1807 et
643 1773 688 1806 ad
719 1772 817 1807 Suet.
843 1773 939 1807 Caes.
963 1785 993 1806 c.
1022 1774 1100 1807 XX.
1133 1777 1168 1807 et
1190 1774 1319 1808 xxm.
1345 1773 1423 1807 coll.
1447 1773 1535 1808 Sall.
1559 1773 1636 1810 Cat.

251 1834 406 1874 XLVIII,
430 1831 464 1865 6.
497 1834 531 1864 et
562 1830 706 1864 Bremio
738 1831 783 1864 ad
816 1831 904 1875 Nep.
937 1830 1089 1864 llannib.
1114 1831 1194 1874 XII,
1217 1831 1273 1874 1.;
1302 1830 1400 1876 prius
1421 1842 1506 1867 vero
1529 1842 1635 1875 quam

250 1893 373 1937 aliqua
394 1901 450 1923 res
485 1888 529 1922 ad
553 1887 720 1922 Senatum
743 1888 855 1922 relata
879 1892 987 1929 esset,
1022 1888 1113 1923 nihil
1135 1893 1273 1933 poterat
1303 1888 1466 1931 decerni,
1497 1888 1635 1924 etiamsi

250 1953 427 1991 senatores
447 1945 548 1980 illam
570 1956 645 1979 rem
668 1955 737 1979 non
760 1944 973 1990 ignorarent,
998 1945 1098 1980 cuius
1119 1946 1172 1980 rei
1195 1947 1412 1981 luculentum
1433 1947 1633 1991 exemplum

250 2008 398 2055 praebet
420 2006 517 2039 locus
539 2002 642 2036 Catil.
675 2002 781 2037 modo
804 2003 990 2044 laudatum
1024 2004 1070 2037 cf.
1099 2015 1130 2037 c.
1155 2004 1195 2046 L,
1222 2004 1255 2038 3.
1290 2008 1325 2038 et
1347 2004 1446 2039 Caes.
1470 2004 1514 2039 B.
1541 2004 1580 2038 C.
1601 2003 1631 2046 1,

250 2067 287 2111 1,
305 2066 338 2099 1.
385 2063 541 2108 Apparet
574 2065 691 2096 autem
723 2059 931 2094 Sallustium
952 2061 1022 2095 hoc
1044 2061 1159 2096 dicere
1182 2061 1347 2101 voluisse,
1369 2060 1546 2110 Ciceronis
1569 2061 1631 2095 de·

250 2134 350 2160 mum
372 2122 540 2155 relatione
565 2120 698 2153 factum
721 2129 817 2160 esse,
847 2122 885 2152 ut
908 2123 1046 2152 senatus
1069 2119 1248 2153 decretum
1271 2119 1389 2160 fieret,
1415 2129 1630 2162 quamquam

248 2179 399 2226 singulis
421 2177 639 2212 senatoribus
661 2175 760 2221 volgi
782 2187 924 2210 rumore
945 2175 1016 2210 iam
1036 2177 1077 2210 de
1097 2176 1267 2210 Catilinae
1285 2176 1428 2220 inceptis
1443 2179 1627 2225 constaret.

249 2240 350 2284 Quae
374 2248 481 2280 quum
504 2235 553 2270 ita
577 2235 666 2277 sint,
694 2234 756 2268 vix
779 2233 869 2267 mihi
901 2237 1095 2277 temperare
1116 2232 1236 2277 potui,
1272 2231 1356 2277 quin
1379 2232 1491 2268 Curtii
1511 2233 1626 2268 conie—

249 2301 386 2332 cturam
410 2294 629 2339 exagitatum
660 2291 697 2325 in
730 2295 863 2324 textum
886 2289 1094 2332 reciperem,
1118 2301 1186 2334 qua
1210 2290 1342 2334 optime
1364 2290 1432 2324 sibi
1453 2291 1541 2326 haec
1563 2302 1627 2336 op—

247 2357 442 2399 ponunturz
466 2363 539 2385 rem
575 2350 622 2383 ad
649 2350 685 2382 S.
718 2350 896 2390 refert,
927 2347 1016 2380 iam
1048 2353 1195 2382 antea
1217 2348 1315 2393 volgi
1342 2349 1533 2383 rumoribus
1557 2361 1626 2383 ex-

248 2413 508 2457 agitatum,
531 2408 554 2442 i.
577 2419 607 2441 e.
633 2404 785 2448 senatui,
811 2405 871 2449 qui
892 2404 964 2438 iam
987 2408 1093 2439 antea
1116 2404 1159 2438 de
1183 2404 1422 2440 coniuratione
1442 2406 1542 2452 volgi
1562 2418 1624 2441 ru-

245 2469 403 2504 moribus
438 2469 638 2510 acccperat,
670 2473 780 2506 eoque
811 2465 1004 2494 commotus
1038 2465 1072 2495 et
1105 2465 1344 2497 consternatus
1371 2465 1504 2508 fuerat,
1547 2469 1622 2500 tum

244 2525 416 2561 consulari
438 2523 644 2556 auctoritate
665 2532 741 2554 rem
762 2518 939 2557 nunciavit
947 2530 959 2557 ;
983 2528 1070 2560 quae
1093 2519 1259 2554 sententia
1285 2521 1485 2566 neutiquam
1508 2532 1550 2556 eo
1568 2521 1622 2556 in-

241 2585 423 2623 firmatur,
446 2581 538 2623 quod
560 2578 757 2623 Ilerzogius
780 2575 919 2616 obiicit,
943 2574 1110 2609 Senatum
1133 2577 1329 2622 exagitari,
1354 2578 1424 2625 i-fle.
1449 2582 1621 2615 attentum

241 2642 342 2684 fieri,
363 2638 487 2674 ten-cri
510 2648 552 2671 ac
576 2633 773 2679 perturbari
796 2644 863 2666 non
886 2632 1047 2675 potuisse,
1072 2645 1179 2676 quum
1204 2635 1307 2670 multi
1331 2635 1514 2669 Senatores
1536 2647 1619 2670 con-

237 2696 422 2734 iurationis
451 2692 640 2739 participes
671 2690 809 2725 fuerint.
858 2690 969 2735 Quasi
991 2691 1034 2724 de
1055 2690 1131 2733 his,
1163 2702 1204 2725 ac
1227 2703 1295 2726 nou
1327 2692 1370 2726 de
1393 2691 1526 2747 reiicuo
1549 2704 1616 2727 nu-

234 2766 333 2791 mero
354 2751 581 2799 cogitandum
603 2747 659 2784 sit.
711 2747 940 2793 Aliquantum
970 2759 1053 2784 vero
1077 2748 1240 2793 praesidii
1263 2747 1480 2785 coniecturae
1503 2750 1614 2786 stabi-
