1716 3210
240 274 310 303 ιη
654 259 1212 306 PRAEF'ATI'O.

239 376 378 439 quam
413 379 460 424 in
495 392 651 424 eorum
673 377 885 437 gratiam,
919 378 1083 436 quibus
1115 393 1199 425 nos
1233 382 1459 444 scripsisse
1482 389 1637 432 osten-

240 460 412 514 dimus,
458 457 660 504 Sallustii
702 457 869 502 edendi
912 459 1149 520 negotium
1197 462 1418 522 suscepit,
1458 464 1542 510 sed
1587 464 1637 510 id

239 540 435 584 maxime
470 538 591 598 egit,
634 543 685 582 ut
720 538 923 584 criticam
965 544 1148 600 pararet
1181 539 1451 602 editionem,
1490 545 1638 606 magis

239 620 439 665 virorum
474 618 718 663 doctorum
762 620 917 666 usibus
958 621 1249 678 destinatam,
1292 637 1430 682 quam
1474 625 1639 670 adole-

237 701 456 746 scentium
505 700 905 746 accommodatam
948 702 1222 759 rationibus,
1266 702 1396 749 cuius
1438 705 1507 749 rei
1541 710 1639 750 tum

237 781 338 842 ipsa
372 779 476 825 libri
508 779 711 837 indoles,
753 786 851 825 tum
892 787 1074 826 externa
1117 781 1269 828 forma
1312 783 1419 828 satis
1462 790 1639 831 certum

237 862 566 908 documentum
597 865 678 906 est.
747 860 1009 923 Herzog-ius
1057 877 1167 908 vero
1201 879 1480 924 quamquam
1512 864 1639 910 idem

236 943 336 988 fere
370 947 508 1001 atque
550 956 644 1002 ego
680 941 915 988 consilium
947 944 1236 1003 propositum
1270 944 1457 1002 habuit,
1485 951 1639 991 tamen

237 1023 284 1068 in
320 1038 376 1068 eo
418 1022 736 1084 persequendo
769 1023 930 1083 paullo
972 1023 1105 1069 aliter
1136 1030 1333 1072 versatus
1368 1031 1449 1071 est.
1517 1026 1638 1072 Nam

234 1120 382 1165 'quum
434 1105 694 1165 saepissime
750 1104 836 1148 soli
880 1118 952 1149 res
1004 1104 1136 1149 utiles
1193 1105 1439 1151 annotandi
1488 1106 1639 1151 studio

235 1187 519 1247 indulgeret,
555 1185 616 1230 ad
657 1186 1032 1248 cognoscendum
1070 1185 1259 1245 quidem
1291 1187 1396 1231 satis
1427 1185 1651 1241 fructuo->

236 1284 330 1324 saS,
383 1267 464 1312 sed
508 1281 627 1325 quae
672 1281 836 1326 parum
891 1265 953 1310 ad
998 1266 1258 1328 Sallustium
1316 1267 1637 1328 explicandum
1706 1280 1707 1283 ’

234 1350 538 1411 pertinerent,
573 1347 700 1391 nulla
733 1347 909 1407 quippe
955 1349 1200 1394 verborum
1244 1348 1520 1395 difficultate
1556 1349 1637 1394 'in-

232 1429 445 1490 terpretis
477 1443 638 1474 munus
671 1428 959 1489 postulante,
1004 1434 1052 1475 et
1090 1429 1221 1476 nimis
1263 1430 1407 1475 multa
1443 1429 1637 1476 Jdedisse

233 1511 436 1567 videtur,
473 1515 539 1567 et,
575 1524 718 1569 quum
757 1509 821 1554 ita
859 1510 1095 1569 quaesitae
1115 1510 1352 1557 ubertatis
1395 1525 1496 1557 non·
1532 1511 1637 1556 satis

233 1592 348 1640 certi
387 1591 501 1637 fines
545 1607 640 1637 esse
680 1592 880 1652 possint,
923 1591 1069 1636 multa
1110 1606 1260 1637 rursus
1302 1606 1423 1651 quae
1457 1590 1634 1638 eodem

231 1673 330 1718 iure
362 1670 576 1716 illustrari
607 1675 845 1731 poterant,
890 1671 1056 1716 omisit.
1124 1671 1212 1717 His
1254 1686 1395 1762 quam
1437 1670 1635 1717 maxime

230 1753 334 1799 fieri
365 1757 548 1814 poterat
581 1751 726 1798 vitatis
758 1756 960 1796 nostram
995 1751 1242 1798 editionem
1272 1729 1471 1797 mediam
1505 1751 1633 1810 quasi

231 1835 355 1879 'viam
406 1834 524 1879 inter
575 1831 932 1878 Gerlachianam
990 1837 1037 1878 et
1087 1831 1431 1892 Herzogianam
1477 1837 1634 1878 tenere

232 1916 531 1972 arbitramur,
576 1914 640 1959 ita
675 1919 747 1970 ut,
781 1913 887 1960 licet
919 1913 1194 1960 multifariae
1227 1912 1463 1959 doctrinae
1494 1911 1633 1957 laude

233 1997 496 2056 nentiquam
530 2010 635 2042 curn
656 2020 661 2026 ι
680 1994 769 2039 illis
803 1999 978 2040 certare
1011 1995 1178 2055 possit,
1223 1999 1376 2038 tamen
1411 1993 1478 2039 sic
1500 2007 1633 2052 vqno-

232 2094 324 2138 que
356 2093 483 2124 suam
516 2077 753 2123 utilitatem
789 2090 884 2121 esse
917 2074 1176 2120 habituram
1199 2085 1446 2134 speremus,
1479 2085 1631 2132 neque

230 2159 371 2220 plane
405 2159 639 2220 indignam
672 2157 817 2203 visum
855 2156 910 2202 iri
945 2155 1100 2217 aequis
1133 2154 1376 2213 iudicibus,
1409 2167 1519 2216 qua
1524 2152 1632 2199 Sal-‘-

229 2239 351 2285 lustii
385 2240 574 2286 studiosi
609 2238 744 2285 simul
778 2253 883 2284 cum
916 2236 1007 2282 illis
1041 2240 1234 2283 utantur.
1687 2232 1689 2236 '

369 2322 528 2367 Altero
576 2319 806 2366 volumine
848 2323 1030 2380 praeter
1069 2314 1371 2377 Iugurtham
1421 2311 1633 2374 comple-

231 2407 407 2450 ctemur
447 2402 754 2463 Fragmenta
787 2399 961 2455 omnia,
1002 2397 1053 2442 id
1086 2403 1269 2458 gratum
1307 2394 1411 2439 fore
1442 2393 1497 2438 iis
1529 2393 1630 2449 mi,
1715 2443 1716 2448 ¹

230 2484 310 2543 qui
345 2483 617 2529 orationibus
651 2497 791 2544 aegre
824 2480 1044 2527 carebunt
1077 2493 1134 2523 ex
1149 2476 1479 2523 Historiarum
1502 2472 1629 2518 libris
1666 2477 1668 2479 ’

230 2566 415 2612 senatis
433 2599 447 2623 ,
499 2578 692 2624 quarum
744 2575 965 2608 summam
1017 2558 1294 2619 elegantiam
1353 2553 1628 2612 dicendique

230 2647 499 2709 gravitatem
535 2661 633 2692 esse
666 2646 780 2689 inter
815 2656 970 2687 omnes
1001 2643 1193 2687 constat.
1261 2631 1426 2696 Neque
1446 2631 1626 2680 minora

227 2728 487 2790 fragmenta
540 2728 748 2773 omittere
790 2721 989 2784 placuit,
1031 2726 1132 2766 tum
1173 2734 1232 2764 ne
1273 2715 1387 2776 quid
1429 2714 1622 2771 deesset,

229 2812 358 2872 quod
400 2811 460 2858 ab
507 2809 670 2856 eximio
722 2805 942 2866 scriptore
994 2807 1109 2848 esset
1159 2799 1444 2862 profectum,
1496 2794 1623 2842 euius
