1716 3210
259 211 346 255 17⁰
612 203 660 244 G.
689 198 1295 245 SALLUSTI‘CRISPI

397 317 653 368 XXXVIII.
731 319 851 363 Nam
901 323 1147 377 postquam
1199 316 1284 362 Cn.
1327 288 1551 378 Pompeio
1604 323 1659 365 et.

259 414 328 460 M.
375 414 535 458 Crasso
583 410 852 456 Consulibus
903 409 1142 455 tribunicia
1193 414 1392 469 potestas
1446 410 1650 456 restituta

261 512 354 565 est,
387 504 595 550 homines
630 502 959 561 adulescentes,
1001 517 1221 548 summam
1263 506 1647 563 potestatemna·

260 662 291 685 e.
300 648 380 684 673.
392 647 466 684 sive
475 659 507 684 a.
520 647 644 682 Chrm.
659 645 718 681 81.
742 649 783 681 ut
805 647 930 682 multos
949 651 1028 692 post
1051 658 1160 681 annos
1176 645 1220 682 sit
1235 648 1313 692 post
1329 644 1521 682 octodecim
1531 656 1650 681 anuos.

259 707 333 743 Alii
357 706 602 740 Gracchorum
632 705 817 740 seditiones
839 704 1058 750 intelligunt,
1090 717 1113 740 a
1136 705 1262 750 quibus
1283 705 1467 751 sexaginta
1483 707 1544 738 aut
1561 703 1650 739 adeo

260 764 484 811 septuaginta
499 763 582 798 anni
599 775 707 807 usque
730 763 775 797 ad
798 762 973 797 Catilinae
994 763 1268 798 coniurationem
1290 762 1519 808 praeterlapsi
1540 764 1650 796 erant.

261 816 366 867 Quod
388 821 540 867 spatium
559 831 774 866 quamquam
792 820 921 855 rectius
939 821 1041 855 multi
1065 822 1150 856 anni
1166 820 1287 856 vocari
1303 833 1404 866 posse
1419 819 1570 863 videtur,
1594 822 1648 854 ta-

261 891 343 914 men
356 878 509 923 priorem
527 877 795 922 explicationem
813 878 985 913 veriorem
1003 891 1078 913 esse
1095 881 1205 914 verba
1222 879 1402 924 sequentia
1420 879 1555 920 docent,
1571 877 1651 922 qui-

261 937 328 977 bus
345 936 388 970 de
410 935 570 969 restituta
587 935 775 971 tribunicia
793 940 962 981 potestate
984 937 1123 972 dicitur.
1158 937 1259 972 Nihil
1283 942 1400 973 tamen
1423 937 1548 977 obstat,
1563 947 1651 980 quo-

261 994 378 1028 minus
412 992 521 1027 etiam
553 994 596 1026 de
627 995 843 1039 temporibus
865 998 945 1029 ante
968 994 1091 1029 Sullae
1119 997 1236 1042 legem
1260 995 1454 1041 cogitetur,
1477 993 1651 1038 siquidem

260 1053 333 1087 hac
355 1051 521 1086 effectum
556 1054 630 1094 est,
663 1056 701 1086 ut
733 1052 857 1086 turbae
891 1047 1100 1089 tribuniciae
1121 1055 1225 1098 plane
1245 1054 1408 1096 silerent,
1445 1064 1535 1098 quae
1567 1063 1652 1087 sanc

263 1106 507 1145 Gracchorum
538 1113 696 1154 tempore
725 1110 830 1155 longe
863 1110 1040 1145 maximae
1069 1112 1220 1147 fuerant.
1281 1113 1335 1146 De
1357 1111 1479 1146 Sullae
1499 1111 1580 1155 lege
1602 1110 1651 1144 cf.

263 1168 432 1203 Goerenz.
455 1167 500 1201 ad
524 1167 596 1201 Cic.
620 1168 733 1212 Legg.
754 1168 815 1210 111,
836 1167 870 1211 9,
886 1167 943 1202 22.
969 1168 1057 1203 Vell.
1078 1168 1121 1212 ΙΙ,
1138 1168 1197 1212 3⁰,
1214 1169 1248 1204 4.
1285 1170 1383 1205 Caes.
1406 1170 1450 1205 Β.
1476 1169 1515 1203 C.
1530 1170 1560 1211 1,
1569 1167 1646 1212 5,1.

260 1225 402 1260 Ernesti
430 1225 474 1259 ad
508 1223 652 1259 Sueton.
685 1226 783 1260 Caes.
811 1224 846 1260 5.
887 1226 1054 1261 Nostrum
1077 1228 1226 1274 Fragm.
1251 1225 1360 1262 Histt.
1374 1226 1436 1270 111,
1462 1226 1522 1271 22,
1543 1226 1578 1263 1.
1609 1229 1648 1263 ot

259 1281 398 1320 Nitsch.
422 1281 562 1326 Antiqq.
585 1283 729 1319 Romm.
754 1283 799 1317 T.
819 1283 864 1317 11.
887 1297 923 1329 p.
944 1285 1049 1320 1089.

354 1341 549 1375 xxxvm.
596 1342 630 1383 5.
656 1341 688 1374 1.
736 1341 923 1376 tribunicia
940 1346 1098 1388 potestas
1119 1343 1304 1388 restituta]
1337 1342 1379 1378 Id
1401 1342 1536 1378 factum
1558 1352 1650 1378 anne

260 1410 296 1435 n.
331 1399 418 1434 Chr.
452 1410 487 1432 n.
521 1398 578 1432 70.
612 1410 647 1433 u.
683 1411 715 1434 c.
745 1398 826 1435 684.
869 1401 914 1436 cf.
949 1401 1124 1437 Ciceronis
1157 1408 1192 1438 et
1222 1401 1349 1436 Velleii
1378 1400 1494 1445 locos,
1533 1400 1650 1445 capite

259 1457 437 1494 XXXVII.
471 1459 626 1491 extremo
661 1457 846 1500 laudatos3
881 1459 970 1493 addc
995 1460 1093 1494 Caes.
1118 1459 1161 1495 B.
1185 1459 1224 1494 C.
1243 1459 1272 1502 1,
1291 1459 1327 1503 7,
1343 1458 1403 1503 4.,
1442 1458 1504 1503 qui
1531 1462 1650 1494 tamen

257 1514 421 1561 Pompeii
452 1515 587 1549 factum
618 1526 682 1559 pro
714 1514 786 1549 suis
817 1516 1010 1551 rationibus
1039 1517 1298 1561 interpretatur.
1343 1516 1418 1552 Cic.
1450 1517 1526 1551 Act.
1551 1517 1579 1551 1.
1610 1515 1650 1551 iu

258 1575 360 1609 Verr.
385 1585 414 1607 c.
433 1571 492 1616 15,
514 1571 652 1606 44-45.
700 1573 853 1608 verbum
875 1574 1132 1609 substantivum
1154 1579 1234 1620 post
1254 1576 1430 1618 restituta,
1453 1574 1548 1619 quod
1563 1573 1651 1610 Cor*

259 1632 354 1675 tius,
389 1643 498 1676 quum
531 1629 567 1664 in
591 1630 621 1663 F
623 1629 696 1664 abr.
722 1630 756 1665 2.
782 1634 817 1665 et
838 1632 920 1666 Bas.
937 1632 970 1666 2.
1006 1633 1157 1676 deesset,
1191 1634 1319 1675 eiecit,
1352 1644 1432 1667 cum
1456 1632 1650 1668 Gerlachio

258 1683 546 1726 retinuimus.‘-—
567 1689 812 1722 Adulescentes
835 1689 998 1724 exhibent
1021 1691 1105 1727 Bas.
1115 1693 1149 1726 1.
1173 1693 1278 1726 Bern.
1290 1692 1326 1726 1.
1359 1691 1440 1735 Quo
1462 1702 1565 1726 sensu
1582 1702 1649 1726 au·-

258 1753 332 1784 tem
353 1748 570 1782 vocabulum
592 1745 859 1791 intelligendum
882 1747 939 1791 sit,
964 1748 1151 1784 Sallustius
1172 1750 1249 1794 ipse
1269 1747 1484 1795 significavit
1507 1748 1649 1784 addito:

257 1807 382 1851 quibus
411 1810 512 1839 aetas
544 1805 746 1848 animusque
772 1807 875 1848 ferox
906 1811 994 1840 erat.
1050 1807 1337 1842 Adulescentium
1369 1810 1490 1841 autem
1506 1805 1649 1840 nomine

260 1863 430 1908 appellari
460 1862 568 1895 etiam
598 1861 694 1896 viros
707 1885 716 1901 ,
747 1861 931 1896 florentem
963 1867 1116 1899 aetatem
1157 1865 1355 1911 ingressos,
1386 1874 1575 1909 cognoscas
1604 1874 1650 1898 ex

259 1921 334 1957 Cic.
359 1920 402 1953 de
425 1919 498 1953 off.
518 1919 547 1963 1,
563 1918 621 1963 34,
637 1919 671 1953 1.
694 1917 757 1952 ubi
779 1930 814 1955 v.
839 1920 1012 1966 Heusing.
1037 1925 1074 1956 et
1095 1923 1213 1958 Beier.
1237 1924 1320 1961 coll.
1342 1920 1517 1967 Heusing.
1539 1921 1585 1955 ad
1602 1921 1647 1963 11,

259 1978 387 2021 13,13.
411 1981 446 2011 et
468 1976 512 2019 11,
529 1975 586 2018 14,
605 1977 661 2011 19.
687 1977 786 2011 Orat.
811 1977 1000 2019 c.30,107.
1027 1980 1150 2014 Bremi
1173 1980 1218 2015 ad
1241 1980 1328 2024 Nep.
1353 1981 1455 2014 Eum.
1464 1979 1492 2020 1,
1501 1977 1535 2012 4.
1559 1978 1647 2013 Em.

258 2036 406 2073 VVeberi
428 2036 630 2070 Exercitatt.
655 2034 749 2079 Styli
773 2035 851 2070 Lat.
878 2034 924 2068 T.
946 2037 974 2072 1.
996 2048 1031 2081 p.
1053 2038 1133 2073 278.
1170 2039 1217 2072 cf.
1239 2036 1336 2072 iufra
1357 2049 1389 2074 e.
1408 2037 1532 2078 XLIX,
1549 2035 1585 2070 2.

352 2104 522 2129 summam
551 2096 760 2138 potestatem
792 2093 907 2138 nacti]
940 2095 1042 2129 Haec
1072 2096 1228 2139 Cottius,
1257 2095 1417 2130 ridiculis
1449 2094 1493 2127 de
1514 2093 1648 2129 caussis

257 2166 324 2201 pro
348 2152 475 2198 spuriis
498 2151 646 2194 habita,
671 2150 806 2185 uncinis
826 2151 988 2197 inclusit,
1011 2154 1143 2188 Dahlio
1167 2154 1300 2187 factum
1322 2152 1503 2196 probante.
1549 2151 1647 2186 Tau-

259 2217 339 2248 tum
362 2214 480 2246 autem
503 2210 624 2251 abest,
658 2215 698 2244 ut
721 2210 811 2243 haec
833 2211 943 2245 verba
971 2211 1126 2256 glossam
1149 2210 1285 2252 oleant,
1318 2213 1358 2244 ut
1387 2209 1433 2244 ad
1456 2209 1647 2245 sententiae

258 2270 500 2315 integritatem
521 2269 626 2312 plane
646 2266 842 2302 necessaria
865 2266 943 2301 sint.
988 2268 1065 2303 Nisi
1087 2269 1181 2302 enim
1203 2268 1396 2312 addantur,
1418 2276 1489 2300 non
1508 2265 1658 2313 perspi--
1703 2287 1706 2290 ·

259 2329 353 2364 citur
382 2326 543 2362 homines
573 2325 812 2360 adulescentes
843 2325 1000 2361 tribunos
1032 2323 1203 2371 intelligi,
1233 2325 1327 2369 quod
1369 2327 1491 2358 auctor
1521 2324 1645 2368 voluit,

258 2398 369 2432 quum
398 2384 491 2419 nude
520 2383 625 2428 positi
657 2380 773 2427 potius
805 2380 954 2427 quilibet
991 2384 1226 2418 adulescentes
1266 2381 1486 2427 intelligendi
1519 2386 1644 2426 essent,

257 2435 322 2490 qui
344 2455 413 2478 non
436 2442 503 2486 ipsi
535 2441 689 2483 tribuni,
717 2440 777 2474 sed
801 2440 1020 2475 tribunorum
1053 2453 1121 2486 ope
1152 2441 1293 2485 plebem
1316 2439 1546 2484 exagitarent.
1589 2440 1645 2475 Ita

256 2504 364 2548 plane
386 2499 570 2534 concidunt
591 2499 710 2532 malae
733 2497 846 2531 Cottii
868 2498 1096 2543 suspiciones,
1119 2498 1243 2533 ductae
1264 2498 1348 2533 illae
1370 2508 1393 2532 a
1415 2498 1495 2532 loco
1517 2498 1646 2533 verbo-
1709 2499 1712 2501 ⁴

257 2572 360 2603 rum,
391 2558 519 2603 quippe
544 2567 635 2600 quae
666 2558 745 2600 post
768 2558 873 2599 ferox
898 2560 975 2589 erat
1004 2557 1208 2590 collocanda
1237 2556 1344 2590 fuisse
1366 2559 1499 2598 censet,
1523 2558 1599 2590 tum
1621 2567 1645 2591 a

257 2617 441 2655 levissima
476 2616 585 2649 trium
617 2614 716 2648 codd.
748 2612 999 2657 discrepantia,
1033 2613 1181 2657 denique
1211 2624 1234 2648 a
1263 2603 1414 2648 vocum‘
1423 2618 1578 2658 potestas
1609 2618 1646 2650 et

259 2687 396 2714 summa
417 2673 599 2709 vicinitate
621 2671 659 2706 in
681 2669 891 2716 antegressis
915 2673 949 2703 et
971 2671 1205 2715 sequentibus.
1264 2669 1407 2706 Gruteri
1428 2671 1541 2706 multo
1560 2683 1645 2716 per-

259 2735 397 2772 versius
418 2731 611 2774 iudicium,
642 2729 707 2775 qui
727 2730 848 2765 locum
869 2727 920 2764 ita
942 2732 1115 2764 mutatum
1138 2728 1270 2765 voluit:
1294 2729 1405 2765 restit.
1428 2733 1500 2770 est3
1523 2729 1644 2774 quibus
