1716 3210
159 213 233 245 vm
492 243 496 247 ξ
582 194 1135 241 PRAEFATIO.

163 317 416 363 orationem
463 319 698 375 putarem,
753 311 992 370 1111111011
1016 327 1154 372 saepe
1197 317 1330 359 antea
1369 313 1570 370 factum,-

165 399 247 445 sed
274 405 324 443 ut
359 396 639 456 optimorum
658 393 879 438 librorum
901 392 1183 451 scripturam,
1210 392 1246 436 si
1279 394 1378 442 ullo
1412 394 1555 439 modo

167 478 356 524 defendi
410 480 589 536 posset,
658 479 831 531 tuerer,
881 488 1112 531 nunquam
1166 479 1318 519 tamen
1365 475 1560 519 rationes

168 558 255 605 soli
289 557 504 603 codicum
547 554 780 601 consensui
822 552 1161 614 posthaberem.
1233 552 1299 598 Ut
1330 553 1362 597 ii
1396 560 1562 610 autem,

168 639 249 698 qui
284 637 374 682 hac
411 636 608 681 editione
642 635 763 682 usuri
805 640 974 690 essent,
1018 634 1107 694 ipsi
1155 634 1216 678 de
1258 626 1452 694 receptis
1493 634 1566 679 le-

171 717 395 765 ctionibus
439 716 640 761 iudicare
681 722 892 775 possent,
935 714 1192 773 ubicunque
1236 730 1265 758 a
1306 714 1450 759 Cortii
1489 730 1566 759 re-

172 799 382 845 censione
417 797 623 854 discessi‚
667 802 745 841 3111
787 797 868 841 11111
903 796 965 841 110
1010 795 1328 842 constituendis
1371 796 1568 841 auctoris

172 879 322 926 verbis
343 883 345 886 ’
368 877 539 937 ambigi
584 883 759 938 posset,
811 877 1060 936 scripturae
1104 876 1452 935 discrepantiam
1494 875 1570 920 vel

174 960 437 1017 universim,
483 958 558 1004 vel
593 958 778 1018 singulis
821 957 1058 1002 nominatis
1100 955 1333 1002 codicibus
1372 956 1570 1014 laudavi,

173 1039 446 1095 rationibus,
480 1038 644 1097 quibus
677 1038 895 1085 iudicium
928 1044 1128 1083 nostrum
1163 1037 1401 1091 niteretur,
1435 1035 1572 1080 addi-

175 1121 245 1177 tis,
266 1120 388 1164 unde
423 1119 656 1180 duplicem
690 1119 924 1166 utilitatem
954 1118 1014 1164 ad
1035 1111 1342 1163 adolescentes
1376 1132 1573 1178 perven-

176 1208 325 1246 turam
358 1200 548 1246 credidi.
625 1201 828 1246 Primum
868 1200 985 1245 euim
1028 1200 1075 1244 in
1109 1215 1210 1245 eam
1245 1197 1574 1242 assuetudinem

179 1281 489 1338 adducuntur,
524 1286 576 1326 ut
607 1280 721 1325 nulli
752 1281 819 1326 rei
850 1287 1023 1327 temere
1055 1280 1198 1324 fidem
1233 1278 1455 1334 habeant,
1489 1294 1575 1323 ne-

178 1376 270 1421 que
303 1361 385 1406 nisi
429 1361 481 1406 iis
517 1361 711 1421 cognitis
757 1366 1057 1420 accurateque
1091 1357 1377 1420 ponde'ratiS‚
1412 1359 1574 1418 quibus

178 1456 479 1500 unaquaeque
531 1456 603 1486 res
661 1441 852 1498 nitatur,
905 1449 1031 1487 recte
1082 1457 1130 1486 se
1183 1440 1384 1486 iudicare
1438 1455 1575 1500 posse

180 1522 428 1576 confidant,
449 1521 578 1580 quod
611 1522 740 1566 nobis
774 1521 903 1567 haud
937 1537 1044 1567 sane
1077 1521 1178 1566 leve
1213 1526 1260 1566 et
1281 1526 1577 1568 contemnen-

180 1603 294 1648 dum
339 1601 530 1646 videtur.
611 1602 735 1647 Tum
791 1603 952 1649 criticis
1005 1602 1364 1662 quaestionibus,
1414 1602 1577 1661 quibus

179 1683 294 1744 quid
335 1697 522 1742 quoque
567 1682 673 1729 loco
718 1698 876 1728 verum
919 1683 975 1728 sit
1007 1685 1082 1728 via
1127 1688 1173 1728 et
1204 1683 1378 1727 ratione
1412 1682 1577 1742 explo-

181 1768 319 1820 ratur,
345 1762 457 1808 nihil
495 1764 659 1823 aptius,
693 1763 901 1821 nihilque
936 1763 1168 1810 efficacius
1205 1778 1298 1808 esse
1331 1769 1483 1823 potest
1516 1765 1578 1809 ad

182 1844 377 1892 iuvenile
416 1844 648 1905 ingenium
695 1843 1006 1893 exacuendum
1038 1850 1195 1902 atque
1239 1844 1333 1890 acri
1377 1851 1580 1891 veterum

182 1928 445 1988 linguarum
483 1923 632 1969 studio
667 1923 1027 1980 incendendum,
1068 1925 1106 1969 si
1150 1923 1294 1969 modo
1337 1925 1400 1970 ita
1445 1926 1580 1972 facti-

184 2014 304 2055 tetur
339 2022 410 2052 ars
445 2005 615 2062 critica,
648 2010 698 2049 ut
731 2005 787 2061 ii,
821 2004 901 2065 qui
934 2005 1150 2067 exiguum
1179 2005 1336 2051 adhuc
1368 2006 1444 2051 vel
1476 2007 1582 2050 nul-

185 2090 285 2135 lum
337 2087 429 2132 eius
474 2101 605 2133 usum
649 2085 845 2143 habent,
902 2086 997 2131 eius
1039 2087 1132 2133 vim
1174 2091 1221 2132 et
1260 2088 1583 2146 praestantiam

185 2170 349 2216 sentire
394 2168 578 2229 possint.
665 2164 761 2212 Sed
802 2182 894 2212 non
944 2181 1061 2235 opus
1112 2170 1178 2212 est
1217 2167 1426 2226 pluribus
1460 2182 1583 2213 >eam

188 2268 288 2298 rem
322 2248 666 2306 commendare,
713 2263 853 2307 quum
897 2247 1040 2292 hodie
1073 2246 1189 2291 inter
1221 2253 1585 2294 omnesconstet

189 2332 319 2379 haud
374 2346 538 2392 parum
587 2331 821 2376 consulere
875 2328 1228 2373 adolescentium
1279 2328 1458 2386 studiis,
1506 2332 1585 2389 qui

192 2429 290 2459 rem
348 2411 550 2458 criticam
607 2429 634 2455 a
677 2411 908 2470 superiore
963 2408 1225 2455 scholarum
1280 2409 1439 2454 ordine
1493 2426 1585 2456 11011
1631 2402 1636 2405 ’

192 2495 331 2557 plane
375 2493 618 2538 arcendam
660 2497 844 2552 putent,
888 2489 970 2534 sed
1015 2506 1117 2536 eam
1161 2489 1343 2534 salutari
1386 2491 1586 2536 instituto

193 2584 291 2620 tum
325 2575 371 2618 in
404 2574 723 2635 praelegendis
766 2578 864 2617 tum
897 2573 943 2616 in
987 2571 1172 2616 edendis¹
1216 2571 1442 2616 veteribus
1475 2572 1588 2616 scri-

194 2656 400 2718 ptoribus
434 2671 539 2702 cum
571 2654 938 2715 interpretatione
967 2654 1255 2712 coniungant.
1328 2651 1589 2697 Occurren-

197 2737 307 2783 dum
355 2743 504 2783 autem
550 2752 707 2782 eorum
753 2735 934 2781 videtur
987 2733 1411 2795 vituperationibus,
1469 2748 1586 2793 quos
