1716 3210
238 201 323 241 144
577 197 623 238 C.
662 194 1000 238 SALLUSTI
1039 197 1269 240 CRISPI

237 311 299 353 IX,
315 310 348 344 2.
381 311 519 345 Datam.
547 309 608 351 XI,
635 307 670 342 3.
702 319 808 352 quem
840 308 957 343 virum
985 309 1099 344 laetor
1131 308 1253 343 eodem
1275 321 1415 354 prorsus
1446 311 1553 347 modo
1575 323 1617 348 wc

237 377 299 401 nos
322 355 416 401 inii.
443 368 466 401 l.
491 365 703 400 emendando
728 370 904 401 versatum
927 377 1011 400 esse.
1053 367 1164 400 Sicuti
1185 378 1250 412 pro
1273 367 1374 414 quasi
1394 365 1518 405 eo'dem
1540 382 1618 405 mo-

238 424 282 458 do
305 424 435 468 legitur
458 425 562 458 Catil.
588 436 618 458 c.
639 424 800 465 XXVIII,
817 423 852 460 1,
874 428 908 458 et
930 425 1124 466 XXXVIII,
1142 424 1179 459 3.
1272 419 1274 422 ’

329 482 383 516 sm·
407 482 647 528 expurgandi]
681 483 913 527 Expurgandi
936 493 1023 516 cave
1054 494 1118 526 pro
1143 482 1328 529 participio
1351 482 1414 520 fut.
1435 496 1528 530 pass.
1550 485 1617 520 ha-

237 537 320 571 beas
343 543 483 581 propter
505 537 701 585 genitivum
725 536 957 584 pronominis3
990 539 1197 585 gerundium
1229 539 1322 574 enim
1348 553 1423 576 esse
1445 539 1568 578 docent
1590 540 1617 577 ii

235 596 329 638 loci,
353 597 415 630 ubi
440 600 497 632 vel
519 597 671 643 pluralis
694 596 907 641 pronominis
931 603 992 632 aut
1013 597 1222 632 substantivi
1242 610 1419 643 numerus,
1435 600 1617 640 velicmi*

235 653 355 688 ninum
387 654 575 701 singularis
607 666 688 688 cum
720 653 878 699 genitivo
910 654 946 688 in
983 655 1019 688 di
1051 662 1197 689 exeunte
1228 656 1411 692 coniuncta
1443 661 1544 699 sunt;
1568 658 1614 692 cf.

233 711 352 746 Plaut.
376 712 409 745 T
413 725 484 747 ruc.
509 713 555 756 ΙΙ,
581 711 616 754 4,
643 712 699 747 19.
735 713 898 756 quoniam
931 713 985 748 tm·
1017 713 1218 757 (Plzronesii
1239 715 1446 759 meretricis)
1476 715 1618 750 videndi

237 774 289 802 est
319 771 428 814 copia.
477 770 579 804 ovid.
602 770 743 804 Hel-oid,
770 768 849 810 XX,
871 769 928 804 74.
971 771 1071 814 copia
1099 772 1270 816 placandi
1298 774 1344 807 sit
1373 773 1474 806 modo
1502 783 1617 818 parva

237 827 456 875 (Cydippae)
481 829 543 863 tui.
575 828 659 863 Ter.
678 829 767 863 1100.
786 827 848 869 111,
860 826 894 869 3,
914 827 972 861 12.
1006 839 1071 873 ego
1096 829 1170 862 eius
1188 829 1453 874 (Philumenae)
1476 830 1618 864 videndi

237 886 381 929 cupidus
422 892 519 922 recta
549 897 742 931 consequor.
814 885 1032 919 Pronominis
1053 885 1187 929 plurali
1219 897 1366 921 numero
1395 887 1500 931 positi
1527 888 1616 922 haec

236 948 316 977 sunt
346 945 525 988 exempla:
558 945 655 978 Caes.
681 943 724 977 B.
751 941 798 978 G.
822 943 881 984 111,
899 942 934 984 6,
953 943 987 977 1.
1026 954 1135 988 neque
1166 945 1222 978 sui
1253 946 1439 991 colligendi
1465 946 1617 980 hostibus

228 1002 441 1044 facultatem
463 1004 668 1047 relinquunt.
703 1001 751 1035 ib.
776 1001 820 1043 V,
846 999 905 1042 38,
921 1000 956 1034 2.
999 1001 1175 1038 Ambiorix
1197 1002 1358 1037 hortatur
1382 1002 1547 1044 Nervios,
1572 1013 1616 1036 ne
1673 1045 1676 1046 ⁷

235 1059 292 1092 sui
314 1059 486 1094 liberandi
507 1061 717 1094 occasionem
741 1059 930 1092 dimittant.
961 1058 1010 1093 ib.
1037 1059 1102 1101 Π,
1120 1058 1178 1101 37,
1200 1060 1234 1094 2.
1267 1065 1309 1095 ut
1331 1063 1537 1094 mercatores
1559 1072 1617 1095 re-

236 1117 386 1160 cipiendi
407 1119 461 1151 sui
483 1130 551 1151 non
577 1118 744 1150 haberent
759 1118 984 1160 facultatem.
1020 1116 1095 1150 Cic.
1119 1117 1162 1150 de
1183 1117 1300 1152 Divin.
1323 1118 1368 1159 11,
1392 1117 1448 1160 17,
1471 1117 1528 1152 39.
1554 1117 1616 1152 do-

237 1174 288 1208 leo
310 1178 447 1208 tantam
471 1176 600 1209 Stoicos
622 1180 754 1209 nostros
778 1174 956 1218 Epicureis
977 1174 1148 1208 irridendi
1169 1175 1224 1209 eui
1235 1175 1446 1218 facultatem
1468 1175 1615 1211 dedisse.

236 1231 280 1264 de
303 1231 345 1266 N.
370 1233 412 1266 Ι).
439 1233 483 1275 11,
509 1232 566 1275 48,
591 1232 670 1266 124.
711 1237 849 1266 tantam
872 1232 1033 1276 ingenuit
1057 1232 1295 1267 animantibus
1315 1234 1542 1268 conservandi
1560 1234 1616 1268 eui

234 1296 366 1325 natura
396 1292 600 1325 custodiam.
632 1301 681 1324 or.
708 1289 744 1323 in
769 1289 870 1323 catil.
895 1289 924 1330 1,
947 1288 981 1330 3,
1003 1288 1038 1323 7.
1071 1301 1176 1334 quum
1205 1290 1307 1324 multi
1336 1291 1507 1335 principes
1531 1291 1615 1325 ciui-

233 1351 321 1384 tatis
352 1350 464 1382 Roma
487 1361 554 1382 non
584 1354 658 1382 tam
681 1348 736 1381 sui
758 1347 1002 1388 conservandi,
1026 1358 1131 1391 quam
1154 1351 1292 1381 tuorum
1321 1350 1536 1383 consiliorum
1558 1360 1615 1383 re·

229 1408 488 1453 primendorum
512 1417 634 1441 caussa
655 1408 899 1450 profugerunt.
942 1406 1039 1439 Caes.
1062 1405 1105 1439 B.
1131 1406 1175 1445 G.
1201 1406 1258 1448 lv,
1281 1406 1338 1448 13,
1355 1405 1389 1441 5.
1429 1407 1467 1440 in
1497 1412 1615 1442 castra

230 1470 399 1500 venerunt
431 1465 487 1498 sui
516 1464 699 1509 purgandi
727 1474 861 1496 caussa.
919 1461 1086 1496 Eiusdem
1108 1463 1247 1508 generis
1277 1474 1320 1498 ea
1343 1468 1422 1499 sunt
1445 1465 1613 1509 exemplu,

231 1523 296 1558 ubi
324 1522 532 1557 substantivi
564 1521 739 1567 genitivus
766 1520 914 1564 pluralis
936 1530 1016 1554 cum
1047 1521 1209 1565 gcrundii
1231 1521 1386 1566 genitivo
1410 1523 1615 1558 coniunctus

231 1585 301 1623 est,
325 1583 364 1614 ut
394 1579 479 1614 Ter.
502 1580 631 1614 Heaut.
655 1578 751 1612 Prol.
783 1589 816 1611 ν.
840 1578 898 1612 29.
931 1590 1098 1612 novarum
1122 1579 1414 1625 (comoediarum)
1447 1581 1506 1626 qui
1535 1592 1614 1626 spe·

230 1638 352 1673 ctandi
374 1638 515 1681 faciunt
548 1638 692 1682 copiam.
733 1634 806 1670 Cic.
830 1636 926 1670 Verr.
950 1636 1007 1677 ll,
1029 1636 1087 1678 31,
1110 1636 1168 1673 77.
1210 1637 1385 1680 homines,
1420 1639 1541 1683 quibu·
1569 1649 1614 1674 ne

231 1696 414 1731 reiiciundi
437 1695 575 1740 quidem
597 1694 746 1737 amplius
767 1705 871 1738 quam
904 1695 1009 1728 trium
1033 1695 1184 1728 iudicum
1204 1697 1410 1740 praeclarae
1433 1696 1613 1732 Corneliae

232 1756 329 1800 leges
345 1754 488 1798 faciunt
507 1757 726 1796 potestatem.
761 1750 809 1785 ib.
833 1752 891 1794 IV,
915 1751 973 1794 47,
997 1752 1077 1787 1⁰4.
1111 1763 1232 1787 earum
1254 1758 1372 1787 autem
1393 1765 1509 1787 rerum
1531 1756 1613 1789 nul-

232 1813 304 1846 lam
338 1812 404 1845 sibi
434 1811 498 1844 iste
529 1820 639 1853 neque
671 1809 847 1852 infitiandi
877 1810 1064 1852 rationem,
1093 1821 1204 1854 neque
1227 1810 1438 1854 defendendi
1453 1813 1614 1856 faculta—

231 1875 302 1905 tem
323 1869 473 1914 reliquit.
511 1866 652 1900 Sueton.
675 1867 769 1911 Aug.
793 1877 823 1899 c.
843 1866 901 1900 98.
929 1868 1100 1912 permissa
1121 1867 1267 1910 iocandi,
1284 1869 1423 1903 licentia
1446 1870 1613 1915 diripien-

230 1928 334 1973 dique
355 1936 543 1972 pomorum.
576 1924 714 1958 Lucret.
735 1924 778 1965 V,
800 1923 903 1958 1224.
941 1937 1133 1969 poenarum
1155 1926 1315 1960 soluendi
1336 1931 1480 1972 tempus.
1516 1929 1610 1963 Gell.

228 1986 288 2028 lv,
314 1985 372 2026 15,
396 1983 446 2019 iu.
486 1983 664 2028 elegantia
696 1982 859 2016 orationis
895 1983 1071 2024 Sallustii,
1101 1984 1348 2028 verborumque
1370 1986 1537 2030 fingendi
1576 1991 1613 2021 et

229 2042 383 2078 novandi
404 2041 566 2075 studium.
590 2041 657 2075 His
680 2040 772 2075 inter
790 2051 826 2074 se
848 2041 986 2075 collatis
1009 2052 1078 2076 non
1101 2040 1247 2076 difficile
1269 2044 1321 2075 est
1344 2041 1389 2077 ad
1411 2041 1610 2085 videndum,

225 2101 376 2136 ‘eandem
398 2098 528 2143 ubique
550 2098 714 2145 gerundii
736 2109 810 2132 esse
833 2098 1025 2140 rationem,
1057 2109 1148 2144 quae
1171 2102 1288 2132 tamen
1311 2099 1426 2142 qualis
1449 2099 1515 2141 sit,
1540 2111 1611 2135 non

228 2160 320 2195 inter
342 2169 461 2193 omnes
484 2161 630 2192 constat.
678 2155 860 2200 Zumptius
883 2156 976 2190 enim
1003 2157 1180 2200 (Gramm.
1203 2156 1281 2190 Lat.
1306 2158 1338 2198 §-
1352 2155 1410 2199 82,
1430 2157 1465 2194 2.
1491 2161 1561 2193 not.
1573 2159 1608 2193 1.

229 2228 263 2261 p.
281 2215 350 2250 465
368 2215 438 2258 sq.)
462 2218 580 2248 utrum
603 2214 765 2259 gerundii
788 2225 833 2248 an
857 2214 1033 2259 participii
1063 2214 1126 2248 fut.
1157 2223 1250 2257 pass.
1274 2213 1471 2258 genitivum
1492 2213 1530 2248 in
1551 2214 1610 2251 hin

154 2302 158 2307 ,
227 2274 398 2318 exemplis
431 2272 558 2306 haberi
590 2271 685 2306 dicat
717 2283 858 2315 prorsus
892 2273 1022 2316 nescit,
1051 2282 1194 2315 remque
1224 2271 1276 2306 ita
1304 2271 1520 2315 expediviseo
1541 2271 1609 2307 sibi

226 2331 324 2366 visus
348 2334 411 2371 est,
429 2334 468 2363 ut
493 2330 671 2363 Romanos
691 2329 784 2374 ipsos
806 2330 890 2374 quid
912 2334 1002 2365 esset
1025 2330 1081 2364 sui
1102 2328 1266 2363 nesciisse
1287 2329 1486 2372 contendat,
1507 2327 1544 2364 in
1561 2329 1610 2365 iis
1634 2363 1637 2365 .

227 2400 312 2424 vero
336 2388 441 2431 locis,
455 2387 517 2421 ubi
535 2387 710 2431 genitivus
734 2388 942 2423 substantivi
965 2388 1055 2432 plur.
1077 2390 1139 2430 est,
1161 2386 1206 2420 ad
1228 2385 1466 2422 archaismum
1486 2388 1545 2423 vel
1562 2387 1608 2422 ud

226 2445 490 2482 anacoluthiam
513 2445 707 2491 confugiat.
766 2446 882 2489 Quam
910 2446 1027 2480 levem
1059 2443 1323 2488 explicationem
1356 2444 1483 2478 merito
1513 2445 1608 2480 vitu·-

225 2509 327 2551 pernt
349 2502 604 2537 Ramshornius
635 2503 669 2537 in
693 2502 810 2537 Iahnii
831 2503 969 2536 Annall.
994 2502 1122 2537 Philol.
1146 2505 1181 2535 et
1202 2501 1359 2546 Paedag.
1381 2500 1484 2536 1827(
1508 2502 1553 2543 11,
1572 2501 1606 2535 1.

225 2575 261 2608 p.
278 2562 326 2596 45
347 2571 420 2604 sq.;
444 2560 502 2593 sed
527 2571 615 2603 quae
639 2560 716 2604 ipse
739 2560 782 2593 de
803 2561 858 2593 sui
878 2558 1081 2603 pronomine
1103 2558 1292 2602 praecipit,
1323 2569 1425 2609 suam
1447 2558 1605 2593 Gramm.

226 2622 365 2655 secutus
390 2620 422 2660 S.
442 2615 523 2659 158,
540 2617 574 2650 3.
600 2629 633 2661 p.
654 2616 748 2659 338„
770 2617 921 2659 nemini,
945 2617 1079 2661 opinor,
1101 2617 1337 2659 satisfacient3
1360 2627 1395 2652 v·
1418 2619 1539 2651 notata
1559 2615 1607 2651 nd
1648 2630 1649 2633 ¹

226 2677 330 2713 Catil.
359 2674 527 2715 XXXIII,
559 2674 594 2708 2.
651 2675 705 2708 De
736 2674 867 2718 plurali
890 2679 1008 2709 autem
1030 2674 1326 2709 substantivorum
1347 2673 1503 2719 genitivo
1524 2684 1606 2708 cum

227 2733 399 2783 gerundia
432 2731 614 2768 coniuncto
645 2731 768 2777 paullo
795 2732 974 2768 obscurius
1005 2732 1179 2777 disputan
1209 2734 1379 2777 quantum
1414 2733 1532 2766 tamen
1561 2741 1606 2766 ex
