1716 3210
252 252 339 294 303
618 246 665 288 c.
694 244 1042 288 SALLUSTI
1071 231 1300 291 cmsm
1353 292 1355 294 ,

256 365 449 409 advorsa
483 362 616 419 fient,
659 377 807 422 neque
851 362 979 408 locus
1022 378 1171 424 neque
1206 365 1374 412 amicus
1406 366 1644 426 quisquam

191 464 241 504 11
255 462 401 516 teget,
437 470 574 513 quem
610 470 735 499 arma
776 469 868 499 non
900 456 1110 501 texerinh
1173 454 1438 515 Praeterea,
1466 432 1642 514 milites,

252 563 343 592 non
398 545 559 591 eadem
613 546 742 591 nobis
800 552 845 591 et
897 547 984 591 illis
1046 549 1326 594 necessitudo
1387 540 1643 610 impendet3

252 655 334 684 nos
381 652 468 698 pro
515 638 685 697 patria,
727 651 815 698 pro
858 629 1090 696 libertate,
1141 653 1230 702 pro
1260 641 1363 686 *vita
1407 647 1642 698 certamuS‚

252 732 337 776 illis
372 741 754 790 supervacaneum
796 737 862 775 est
905 726 1111 793 pugnare
1154 747 1242 794 pro
1287 724 1492 794 potentia
1524 747 1642 795 pau-

186 832 240 873 12
254 838 424 870 corum.
495 822 602 878 Quo
638 822 853 868 audacius
880 825 1199 884 aggredimini,
1234 841 1459 872 memores
1489 825 1643 886 pristi-

342 983 375 1024 §.
401 978 540 1014 11-12.
587 986 656 1033 nim
679 978 802 1014 eadem
825 980 922 1015 nobis
946 986 980 1017 ct
1004 982 1072 1017 illis
1095 983 1311 1018 necessitudo
1334 980 1529 1030 impendet]
1561 981 1641 1019 Non

249 1039 413 1073 viderunt
443 1037 554 1082 intpp.
586 1047 739 1082 zeugma
776 1039 1035 1082 quodammodo
1065 1040 1126 1075 hic
1155 1037 1301 1083 haberi,
1332 1051 1443 1086 quum
1464 1042 1640 1087 impendet

248 1108 318 1131 non
342 1100 415 1131 tam
440 1096 485 1130 ad
508 1094 683 1129 Catilinae
712 1094 836 1131 advers
824 1097 954 1139 arios,
985 1109 1091 1142 quam
1124 1099 1170 1133 ad
1198 1097 1310 1134 socios
1340 1095 1416 1135 eius
1446 1099 1639 1144 pertineat3

249 1166 332 1188 nam
355 1161 431 1187 sens
435 1162 474 1187 us
497 1153 636 1197 planior
666 1153 727 1187 hic
751 1158 824 1188 est·
859 1163 951 1198 quae
971 1157 1069 1190 nobis
1099 1157 1273 1201 impendet
1295 1151 1539 1200 necessitudo,
1569 1156 1640 1192 illis

236 1211 346 1247 *nulla
377 1217 438 1247 est
496 1211 603 1246 nand
646 1210 826 1245 dissimilis
857 1224 893 1246 es
885 1217 910 1246 ι
949 1213 1046 1247 locus
1079 1225 1110 1248 c.
1136 1215 1202 1257 LI,
1230 1214 1289 1249 22
1323 1213 1388 1250 ubi
1417 1213 1452 1249 ν’.
1473 1230 1521 1240 --
1564 1214 1639 1248 Illis

247 1281 544 1315 supervacaneum
569 1273 632 1312 est,
657 1268 682 1303 i.
705 1280 735 1302 e.
761 1267 816 1302 illi
838 1280 907 1303 non
930 1271 1036 1305 modo
1053 1272 1122 1306 tuti
1144 1276 1236 1314 sunt,
1257 1272 1486 1317 omniumque
1507 1264 1638 1313 rerum,

247 1330 374 1375 quibus
398 1341 461 1364 nos
485 1339 643 1373 egemus,
667 1325 808 1371 copiam
832 1327 975 1372 habent,
1003 1328 1064 1363 sed
1087 1329 1176 1363 haec
1198 1330 1285 1364 adeo
1308 1329 1380 1366 iuis
1401 1328 1577 1376 superant,
1591 1327 1640 1364 ἰιι

245 1387 353 1422 etiam
377 1397 442 1431 pro
462 1385 543 1421 aliis
566 1396 726 1430 pugnare
747 1383 892 1428 possint.
923 1385 1037 1420 Aliter
1062 1385 1269 1430 Dahliusffi
1272 1387 1354 1430 ‚illis
1375 1387 1468 1423 nihil
1489 1387 1637 1422 necessi-

246 1445 348 1488 tatis,
373 1455 484 1488 neque
507 1442 670 1477 utilitatis
693 1446 764 1484 est,
797 1454 860 1486 pro
890 1455 926 1487 p.
956 1451 992 1488 p.
1025 1455 1206 1491 pugnare,
1237 1448 1343 1490 atque
1372 1457 1416 1482 eo
1451 1442 1592 1481 facilins
1615 1456 1639 1480 a.

244 1502 345 1537 nobis
369 1501 527 1545 superari
551 1503 735 1546 possunt.“
786 1498 856 1535 Sed
874 1500 959 1535 huic
983 1500 1206 1546 explicationi
1227 1506 1304 1538 tlun
1326 1502 1382 1538 vis
1403 1502 1503 1539 vocis
1517 1514 1640 1549 euper-

244 1573 320 1595 vac.
313 1584 335 1602 .,
359 1564 432 1594 tum
460 1559 642 1603 sequentia
666 1557 775 1592 verba
798 1555 936 1593 obstare
959 1558 1133 1595 videntur.
1153 1578 1197 1588 —
1221 1561 1331 1597 Multi
1353 1562 1452 1596 codd.
1473 1569 1639 1608 pugnare

243 1623 322 1662 post
342 1629 534 1663 paucorum
555 1617 707 1657 habent,
731 1627 800 1660 quo
827 1615 882 1650 vis
903 1613 1013 1652 huius
1049 1614 1147 1653 verbi
1170 1617 1308 1653 valde⁰
1295 1619 1459 1654 imminui
1487 1618 1637 1655 videtur.

246 1677 438 1710 Paucorum
459 1676 652 1720 potentiam
677 1685 757 1707 cum
781 1668 915 1709 invidia
938 1672 1039 1718 dici,
1056 1675 1228 1711 monitum
1251 1680 1304 1711 est
1326 1678 1371 1712 ad
1393 1690 1424 1713 c.
1442 1670 1636 1720 XXXVIII,

243 1735 277 1768 1.
301 1753 347 1759 —-
377 1733 447 1768 Pro
473 1728 714 1779 aggredimini
738 1730 854 1766 maior
877 1732 981 1780 codd,
1001 1743 1085 1777 pars
1107 1732 1215 1769 habet
1238 1731 1637 1781 aggrediamini,‘q'uoa

243 1791 454 1826 Gerlachius
486 1796 624 1825 secutus
655 1795 719 1824 est.
774 1789 846 1823 Sed
887 1787 1118 1835 imperativus
1157 1792 1357 1827 vehementi
1387 1791 1532 1839 aci-ique
1566 1792 1636 1828 Ca·-

241 1850 363 1885 tilinac
387 1848 539 1884 orationi
563 1847 679 1893 magis
701 1847 882 1889 convenit,
916 1849 1009 1892 quod
1041 1848 1178 1884 Co'rtius
1209 1860 1348 1893 quoque
1375 1848 1504 1892 sensit,
1527 1854 1634 1885 ‘com-

239 1920 370 1953 parans
404 1919 434 1942 c.
463 1907 543 1950 XX,
570 1906 626 1941 16.
660 1906 736 1950 lug.
764 1905 806 1944 X,
834 1904 869 1939 8.
903 1902 998 1948 XIV,
1023 1902 1086 1941 25»
1128 1903 1255 1949 XXIV,
1281 1906 1339 1941 10.
1370 1905 1544 1952 LXXXV,
1571 1906 1632 1943 47.

242 1966 442 2010 Abruptum
464 1973 549 1997 vero
581 1961 719 1997 dicendi
750 1973 884 2007 genus,
915 1974 986 2007 quo
1011 1962 1224 2001 Gerlachius
1247 1964 1457 2000 commentt.
1488 1976 1527 2010 p.
1549 1965 1632 2027 152.

240 2021 490 2067 imperativum
513 2020 653 2056 defendi
674 2031 776 2064 posse
798 2019 980 2062 censebat,
1012 2014 1174 2064 equidem
1197 2018 1300 2060 video
1321 2023 1471 2058 nullum.

331 2080 450 2124 §.1:3.
499 2079 598 2114 licuit
618 2077 736 2122 vobis]
761 2077 819 2111 Ita
841 2076 1046 2121 scripsimus
1070 2089 1112 2112 ex
1135 2078 1256 2113 Leidd.
1276 2078 1320 2114 B.
1343 2080 1381 2115 C.
1400 2081 1452 2116 D.
1463 2071 1507 2115 E'.
1525 2080 1571 2117 G.
1579 2081 1631 2118 Κ.

238 2137 322 2173 Bas.
349 2139 383 2172 2.
411 2138 446 2172 3.
477 2138 584 2172 Bern.
612 2135 645 2170 3.
675 2133 709 2169 4.
745 2138 780 2169 et
810 2135 971 2179 pluribus
1005 2134 1171 2179 Gruteri3
1206 2136 1244 2171 in
1274 2136 1417 2173 relicuis
1435 2141 1500 2175 est
1521 2139 1630 2182 nobis,

237 2197 330 2240 quod
354 2195 541 2240 quominus
564 2192 746 2229 reficerem
778 2204 892 2237 neque
914 2190 1031 2228 maior
1053 2193 1151 2228 codd.
1176 2204 1363 2238 numerus,
1383 2190 1495 2242 neque
1511 2184 1631 2232 corti}

237 2254 408 2288 iudicium
432 2249 634 2299 prohibuit,
669 2250 729 2295 qni
766 2251 870 2285 aliter
892 2254 1082 2287 statuentes
1113 2248 1295 2296 imperitos
1320 2255 1439 2296 vocat,
1462 2257 1500 2290 et
1520 2262 1631 2291 verae

237 2312 438 2357 elegantiae
456 2311 616 2347 Sallustii
640 2307 794 2354 ignaroS‚
809 2309 1020 2353 quaerentis,
1039 2306 1250 2353 ubicumque
1266 2310 1391 2362 possit,
1402 2322 1630 2356 personarum

234 2370 487 2413 mutationem,
520 2365 697 2404 Ciceronis
721 2366 829 2401 etiam
852 2368 1015 2412 exemplo
1039 2367 1083 2401 de
1105 2366 1177 2401 off.
1206 2367 1252 2408 11,
1275 2367 1334 2410 16,
1357 2367 1417 2404 56.
1451 2367 1629 2406 commen-

238 2427 369 2473 datam,
417 2429 472 2462 Ab
496 2438 580 2461 vero
603 2425 711 2460 etiam
734 2424 913 2460 aberravit
934 2424 1101 2472 Deillius,
1125 2423 1222 2458 nobie
1245 2434 1288 2459 eo
1310 2423 1511 2471 defendens,
1534 2426 1627 2474 quod

239 2497 267 2518 c.
293 2496 320 2518 s.
343 2490 368 2519 t.
395 2485 431 2519 in
463 2482 563 2519 exilio
589 2488 744 2518 aetatem
775 2494 885 2529 agere
918 2479 965 2518 ad
992 2483 1112 2530 omnes
1128 2482 1330 2528 pertineat,
1353 2487 1394 2534 ιιι
1414 2480 1569 2529 Catilina
1590 2496 1628 2520 se

238 2542 283 2577 iis
308 2543 433 2578 debeat
465 2552 717 2583 annumerare,
749 2541 884 2575 aliems
914 2543 998 2576 vero
1030 2552 1111 2586 opes
1143 2552 1235 2585 exsp.
1270 2539 1437 2593 quoniani
1468 2543 1627 2593 nonnulli

235 2603 374 2635 tantum
396 2599 576 2640 dicantur,
611 2603 789 2635 auctorem
819 2599 914 2632 reete
947 2598 1100 2632 secunda
1120 2596 1171 2632 uti
1193 2609 1354 2643 persona.
1399 2599 1471 2635 Sed
1493 2599 1525 2636 ai
1548 2600 1626 2645 quis

234 2661 384 2703 reputet,
409 2657 613 2700 Catilinam,
637 2662 678 2693 ut
698 2666 779 2692 suos
803 2656 884 2690 odio
907 2654 1075 2701 impleat,
1098 2665 1167 2691 non
1190 2660 1265 2694 tam
1288 2656 1332 2690 de
1355 2669 1432 2700 sua,
1450 2669 1558 2703 quam
1582 2659 1626 2693 de
1655 2682 1661 2687 ›

232 2715 376 2752 illorum
397 2714 512 2761 potius
536 2715 740 2750 condicione
759 2713 876 2748 dicere
898 2706 1039 2757 debere,
1062 2716 1097 2748 et
1113 2722 1237 2750 revera
1260 2713 1387 2760 dicere,
1407 2715 1623 2767 potuistis—

231 2774 430 2811 decrevistis
451 2794 498 2801 —
520 2773 644 2817 voltis,
672 2773 708 2808 ei
738 2773 890 2818 vulgata
921 2783 995 2808 non
1024 2772 1242 2817 satisfaciet,
1273 2772 1480 2819 Praesertim
1512 2767 1643 2817 quum'
