1716 3210
243 217 334 268 258
599 211 649 256 C.
689 211 1041 259 SALLUSTI
1072 213 1303 261 clu-81¹1
1351 250 1355 256 .

245 330 392 377 socios
436 332 515 374 aut
556 326 701 376 hostis
746 329 963 375 idoneum
1005 330 1266 390 videbatur,
1310 347 1419 382 cum
1461 348 1639 380 summo

245 422 395 468 studio
439 419 567 466 domi
611 421 990 482 exsequebantur,
1050 422 1230 471 imitari*
1246 439 1394 483 *quam
1436 424 1638 472 invidere

179 520 235 563 39
245 512 374 560 bonis
407 511 651 557 malebant.
719 513 816 563 Sed
851 514 1017 560 eodem
1044 514 1126 561 illo
1159 521 1384 576 tempore,
1417 516 1642 573 Graeciae

244 618 423 656 morem
454 603 638 662 imitati,
672 605 936 652 verberibus
971 606 1390 653 animadvortebant
1432 608 1480 654 in
1513 609 1641 666 civis,

243 696 307 742 de
372 694 682 744 condemnatis
751 713 984 744 summum,
1046 698 1320 760 supplicium
1388 676 1634 748 sumebant.

243 841 289 866 ne
312 830 423 865 verba
445 840 578 876 magun
599 829 638 865 vi
660 829 730 865 sibi
763 831 923 876 opposita
943 832 1161 868 substantivo
1183 832 1239 868 bis
1260 832 1374 878 posito
1399 836 1435 868 et
1457 833 1530 868 alio
1552 844 1637 869 casu

241 888 426 923 interiecto
444 889 663 933 languerent.
695 889 859 924 Ceterum
877 890 984 934 bonis,
1002 890 1095 935 quod
1119 887 1182 924 alii
1204 889 1248 924 de
1265 890 1467 930 hominibus
1488 891 1527 927 in
1548 903 1639 936 quo·

242 945 299 981 vis
330 945 472 980 virtutis
493 956 622 991 genere
645 946 782 980 eximiis
805 947 1025 992 intelligunt,
1050 952 1173 982 neutro
1196 959 1326 993 genere
1346 949 1500 993 positum
1521 960 1595 983 esse
1617 960 1640 983 e

242 1005 495 1042 sententiarum
518 1015 610 1039 nexu
632 1003 720 1038 satis
742 1007 860 1049 patet,
895 1017 1006 1049 quum
1029 1005 1066 1039 in
1088 1003 1301 1050 antegressis
1322 1016 1393 1040 non
1416 1006 1459 1041 de
1482 1006 1637 1042 homini-

243 1064 330 1107 bue,
354 1063 415 1098 sed
437 1063 482 1098 de
504 1061 670 1107 exemplis
692 1062 845 1097 aliorum
868 1067 904 1098 et
926 1062 1093 1098 institutis
1116 1066 1256 1109 agatur.
1303 1063 1407 1107 Quod
1427 1067 1467 1098 ut
1487 1063 1637 1110 gravius

243 1120 440 1156 inculcaret
489 1120 708 1156 audientium
750 1120 898 1163 animis,
945 1121 1077 1155 Caesar
1118 1121 1382 1156 antecedentem
1427 1119 1637 1156 sententiam

243 1179 364 1225 quod
387 1179 512 1224 ubique
535 1179 747 1213 idoneum
769 1177 976 1220 videbatur,
1008 1177 1089 1212 aliis
1110 1179 1216 1213 modo
1240 1178 1356 1213 verbis
1378 1190 1463 1213 usus
1483 1178 1635 1223 repetiit.

246 1236 421 1280 Invidere,
443 1236 538 1282 quod
560 1235 621 1269 hie
643 1235 802 1270 dativum
835 1235 889 1270 rei
912 1234 1117 1270 adiunctum
1138 1235 1269 1278 habet,
1292 1234 1432 1280 proprie
1453 1247 1535 1270 eum
1573 1235 1638 1270 da-
1710 1245 1716 1255 ¹

243 1293 320 1330 tivo
343 1304 537 1339 personae,
566 1293 802 1336 incommodi,
838 1304 946 1338 quam
970 1293 1109 1337 dicunt,
1140 1296 1335 1338 potentatu,
1356 1292 1526 1338 iungitur.
1582 1293 1638 1327 De

243 1350 348 1387 varia
383 1350 484 1392 verbi
507 1354 682 1386 structura
720 1352 766 1386 cf.
791 1351 865 1386 Cic.
891 1351 998 1387 Tusc.
1027 1351 1092 1394 111,
1117 1351 1154 1395 9,
1178 1351 1236 1386 20.
1270 1351 1403 1397 intprr..
1419 1350 1465 1385 ad
1488 1349 1636 1396 Quintil.

243 1411 308 1452 IX,
328 1408 365 1451 3,
381 1404 417 1444 1ss
463 1409 624 1457 Perizon.
647 1407 694 1443 ad
715 1407 834 1444 Sanct.
858 1408 947 1443 Min.
971 1409 1035 1452 111,
1054 1408 1090 1444 3.
1111 1421 1146 1454 p.
1173 1407 1256 1444 485.
1298 1408 1365 1444 Ed.
1398 1409 1490 1445 Bau.
1514 1412 1549 1444 et
1570 1409 1635 1444 Fr.

247 1468 407 1503 Gronov.
433 1467 479 1502 ad
501 1465 618 1500 Tacit.
640 1465 729 1501 Ann.
753 1466 782 1509 I,
805 1465 864 1509 22,
888 1470 976 1501 extr.

339 1527 373 1569 §-
405 1524 464 1560 39.
494 1523 553 1558 40.
623 1521 795 1558 Graeciae
832 1523 984 1570 morem]
1033 1525 1089 1559 De
1121 1524 1312 1562 Draconis.
1333 1523 1464 1560 severis
1493 1519 1636 1570 legibus

242 1581 404 1628 plerique
426 1581 584 1628 cogitant
605 1581 832 1627 interpretem
863 1581 1025 1628 Heynius
1046 1593 1132 1617 vero
1154 1582 1304 1628 Opusce.
1326 1583 1456 1618 Aeadd.
1479 1583 1557 1617 Vol.
1572 1582 1637 1617 111.

241 1652 279 1686 p.
304 1639 375 1675 184
398 1652 471 1685 sqq.
518 1640 691 1685 Magnam
723 1639 910 1675 Graeciam
948 1639 1132 1686 intelligit.
1184 1641 1276 1676 Utra
1302 1640 1396 1676 ratio
1430 1640 1549 1675 verior
1577 1638 1637 1683 sit,

241 1697 282 1733 in
311 1701 409 1732 tanta
449 1696 619 1732 orationis
658 1697 893 1743 ambiguitate
930 1698 1076 1732 difficile
1119 1701 1173 1733 est
1203 1699 1248 1734 ad
1289 1696 1559 1745 diiudicandum.
1586 1715 1634 1722 -

243 1755 496 1791 circumveniri
516 1754 699 1799 permultis
718 1752 821 1789 libris
841 1759 1074 1798 sustentatur-3
1104 1747 1202 1791 haud
1223 1755 1493 1790 contemnendus
1514 1758 1633 1790 tamen

241 1823 367 1847 eorum
389 1824 557 1848 numerus
590 1813 836 1848 circumvenire
858 1813 1022 1856 exhibet,
1054 1813 1148 1858 quod
1180 1824 1202 1848 a
1225 1812 1346 1848 cortis»
1374 1812 1522 1858 aliisque
1551 1823 1636 1857 pro-

242 1871 368 1906 batum
398 1881 468 1906 non
505 1869 640 1913 miror,
679 1880 702 1905 a
736 1870 928 1905 Gerlachio
968 1875 1151 1916 receptum
1191 1871 1338 1906 nollem.
1395 1871 1500 1916 Quod
1539 1869 1634 1905 enim

240 1929 489 1963 circumvenire
522 1928 575 1964 ita
606 1927 759 1974 pendere
790 1927 914 1963 volunt
935 1939 958 1963 a
989 1940 1149 1974 coepere,
1180 1932 1221 1964 ut
1251 1929 1370 1965 dicant
1398 1928 1632 1974 supplendum

240 1997 318 2022 esse
339 1986 483 2032 quidam
505 1997 554 2021 sc.
590 1997 633 2021 ex
655 1984 729 2020 illis
750 1985 986 2029 factionibus,
1020 1986 1058 2021 id
1089 1990 1276 2032 propterea
1296 1998 1367 2023 non
1396 1989 1514 2032 potest
1539 1985 1633 2032 fieri,

238 2044 326 2089 quia
356 2044 424 2079 isto
456 2044 562 2079 modo
594 2055 735 2089 coepere
766 2043 835 2078 duo
869 2044 1027 2079 subiecta
1063 2044 1172 2080 simul
1202 2046 1372 2088 haberet,
1411 2043 1632 2079 indefinitum

239 2105 276 2137 et
299 2101 502 2145 definitum,
534 2101 628 2147 quod
658 2111 765 2136 sanae
794 2101 924 2137 rationi
944 2106 1119 2149 repugnat
1147 2102 1407 2147 absurdumque
1428 2104 1493 2137 est.
1540 2101 1634 2136 Con-

238 2159 402 2195 similiter
424 2159 631 2205 interpretes
651 2162 835 2206 peccantes
856 2158 1010 2196 vidimus
1032 2161 1078 2196 ad
1101 2154 1131 2196 c.
1149 2161 1242 2204 XIII,
1260 2160 1319 2203 3.;
1343 2159 1416 2195 ulia
1436 2158 1635 2194 videbimus

239 2216 287 2267 ad
308 2218 387 2264 lug.
417 2219 562 2263 XXXV,
589 2218 626 2254 3.
673 2208 738 2253 De¹
751 2217 789 2253 vi
812 2217 1058 2253 circumvenire
1078 2218 1180 2253 verbi
1213 2218 1349 2254 dietum
1370 2218 1416 2252 ad
1438 2229 1469 2253 c.
1497 2217 1630 2262 XXXI,

238 2273 276 2309 9.
299 2294 346 2301 -
376 2277 448 2312 Pro
471 2278 548 2312 alia
578 2276 813 2312 huiuscemodi
834 2275 989 2322 bangius
1009 2279 1044 2310 et
1065 2275 1216 2312 Bothius
1246 2274 1456 2320 scripserunt
1488 2275 1631 2320 aliaque

239 2331 428 2368 hniuscem.
452 2335 547 2378 quod
567 2333 605 2370 in
633 2334 711 2369 Vin.
729 2333 764 2370 2.
797 2333 880 2368 Bas.
901 2334 936 2368 2.
968 2333 1049 2368 Sen.
1074 2333 1108 2368 1.
1143 2333 1262 2370 Guelf.
1283 2334 1318 2368 l.
1343 2331 1380 2368 8.
1409 2331 1498 2368 Tur.
1520 2332 1554 2368 1.
1576 2343 1635 2376 m„

238 2400 309 2425 sec.
335 2395 371 2426 et
392 2392 499 2427 Bern.
522 2392 557 2428 2.
581 2395 706 2428 exstat.
753 2391 825 2426 Sed
847 2392 1007 2436 copulam
1038 2394 1132 2425 recte
1154 2391 1192 2425 in
1221 2388 1362 2425 relicuis
1399 2391 1521 2426 abesse
1550 2392 1635 2439 “¹¹¹⁸-
1696 2418 1698 2420 ,

239 2459 284 2483 ex
306 2460 348 2483 eo
371 2449 605 2496 intelligitur,
626 2450 734 2495 equod
767 2449 839 2483 Inc.
863 2449 898 2484 1.
931 2452 966 2484 et
998 2447 1176 2499 Guelfff.
1212 2452 1246 2483 et
1276 2448 1354 2482 alia
1387 2448 1517 2491 habet,
1549 2451 1626 2482 tum

237 2504 393 2540 maxime
416 2517 459 2540 ex
480 2500 646 2553 loquendi
668 2500 757 2552 usu,
788 2518 894 2552 quem
914 2505 1170 2552 illustravimus
1192 2505 1238 2541 ad
1271 2518 1303 2542 c.
1332 2506 1457 2551 XLIII,
1481 2498 1519 2542 z}
1545 2505 1628 2542 coll.

238 2564 270 2597 c.'
284 2561 362 2604 LII,
382 2562 439 2598 36.

332 2626 407 2656 tum
431 2622 487 2656 lex
510 2622 635 2657 Porcia
660 2623 818 2667 aliaeque
850 2623 947 2669 leges
971 2626 1125 2667 paratae
1157 2621 1259 2667 eunt]
1300 2617 1402 2659 Haec
1441 2620 1571 2663 verba,
1604 2631 1628 2657 a

235 2677 365 2724 quibus
388 2679 552 2724 apodosis
582 2679 859 2715 antecedentium
884 2678 1028 2724 incipit,
1060 2679 1233 2725 Mulier-us
1265 2683 1300 2715 et
1322 2679 1474 2715 Bothius
1501 2690 1629 2724 perpe-
1714 2708 1716 2723 ,

233 2743 312 2773 run
341 2746 407 2782 pro
437 2747 551 2773 novae
591 2736 847 2773 enunciationis
877 2733 979 2773 initio
1009 2736 1167 2781 habent,
1210 2739 1340 2784 puncto
1360 2740 1635 2787 ¹1³013t»¹‹³‹1.t=1›eo*e‚
1714 2729 1716 2784 ξ
