1716 3210
230 212 313 253 14⁰
590 208 636 249 C.
665 206 1008 248 SALLUSTI
1047 208 1275 251 CRISPI

226 330 320 370 tem
367 330 411 369 et
455 323 651 368 sestertia
703 321 905 381 centum,
965 323 1110 368 libero
1162 298 1468 385 impunitatem
1512 326 1606 371 eius

182 415 289 467 7rei
323 420 369 459 et
403 415 603 459 sestertia
637 414 846 467 ducenta3
880 416 1077 474 itemque
1112 416 1368 473 decrevere,
1402 418 1467 462 uti
1501 419 1605 479 gla-

157 531 160 534 -
226 506 444 550 diatoriae
490 506 687 551 familiae
731 506 937 567 Capuam
981 514 1026 552 et
1077 508 1123 552 iu
1166 514 1314 553 cetera
1366 510 1606 569 municipia

225 598 620 654 distribuerentur,
673 611 759 658 pro
806 599 1020 657 cuiusque
1072 599 1257 658 opibus;
1303 599 1479 646 Romae
1522 617 1607 660 per

223 696 368 734 totam
411 690 572 734 urbem
624 690 806 750 vigiliae
858 690 1157 748 haberentur,
1213 689 1372 754 hisque
1415 693 1607 738 minores

222 782 508 842 magistratus
540 789 808 842 praeessent.

360 872 524 922 XXXI.
593 873 767 933 Quibus
809 874 943 921 rebus
995 879 1203 934 permota
1250 874 1423 932 civitas,
1470 879 1606 940 atque

223 1063 360 1087 crevere
383 1055 463 1094 cet,
479 1052 571 1096 quod
594 1052 726 1097 pariter
747 1051 834 1086 ferri
850 1051 981 1096 nequit,
1002 1063 1112 1097 quum
1135 1053 1317 1087 decrevero
1335 1053 1455 1087 locum
1475 1052 1607 1087 lrabeat

223 1114 260 1144 et
281 1123 323 1144 cx
346 1110 501 1150 lubidine
522 1111 665 1151 datum,
689 1110 786 1144 nullo
811 1110 929 1144 codice
949 1110 1154 1151 adiuvante,
1177 1114 1212 1145 et
1234 1121 1339 1154 quem
1361 1121 1406 1143 ne
1427 1121 1606 1155 gramma-

221 1167 293 1203 tica
325 1168 466 1213 quidem
498 1168 589 1203 ratio
622 1158 810 1212 permittat.
869 1168 960 1203 Nam
991 1169 1171 1202 decrevere
1203 1167 1303 1202 initio
1334 1166 1468 1211 periodi
1499 1168 1606 1201 collo—

222 1231 359 1269 catum,
392 1226 599 1272 praesertim
631 1226 874 1260 enunciatione
904 1225 1137 1260 condicionali
1170 1229 1355 1269 sequente,
1397 1236 1464 1259 non
1495 1228 1607 1269 potoet

221 1284 290 1319 nis!
312 1285 363 1319 ita
386 1285 558 1330 intelligi,
581 1287 623 1318 ut
645 1287 706 1319 aut
729 1290 894 1328 sequatur
916 1283 1131 1325 infinitivus,
1160 1287 1221 1318 aut
1254 1282 1496 1317 coniunctivus
1525 1294 1606 1317 cum

221 1348 262 1377 ut
292 1343 490 1388 particula;
525 1353 632 1387 qnam
675 1341 965 1376 constructionem
998 1352 1107 1385 quum
1145 1341 1380 1385 unnsquisque
1418 1344 1604 1385 exspectet,

220 1411 393 1446 perquam
416 1401 556 1446 ingrato
580 1411 681 1434 sensu
711 1398 848 1433 animus
871 1399 1048 1441 afficitur,
1080 1409 1190 1441 quum
1221 1402 1298 1442 post
1331 1402 1468 1435 tantum
1497 1398 1605 1433 inter-

219 1459 357 1493 vallum
391 1458 627 1493 accusativum
659 1456 862 1490 adiunctum
891 1454 996 1490 videt.
1061 1455 1129 1490 His
1170 1455 1402 1490 incommodis
1444 1457 1605 1492 omnibns

220 1516 381 1550 medetur
401 1527 509 1560 quam
533 1516 570 1550 in
593 1517 690 1549 textu
712 1511 942 1558 expressimus
975 1512 1147 1558 scriptura
1170 1514 1269 1547 codd.
1299 1513 1371 1548 Ine.
1400 1514 1436 1549 1.
1468 1515 1549 1549 uas.
1567 1515 1602 1549 2.

211 1574 310 1614 Tur.
331 1574 365 1609 2.
388 1574 495 1610 Fabr.
512 1573 547 1608 2.
572 1572 654 1608 Son.
679 1572 714 1606 1.
739 1573 801 1606 Ao.
828 1571 912 1606 Ecc.
933 1571 1007 1606 Eri.
1030 1571 1127 1607 Leid.
1150 1572 1179 1606 1.
1201 1571 1265 1613 N.‚
1299 1583 1390 1616 qnae
1411 1571 1495 1617 quin
1517 1583 1604 1606 vera

219 1632 267 1667 sit
289 1643 358 1666 non
381 1636 492 1676 potest
514 1630 689 1672 dubitari,
721 1632 796 1663 tum
819 1632 959 1673 propter
981 1631 1178 1663 structurae
1205 1629 1403 1675 legitimam
1431 1628 1604 1663 rationem

220 1693 256 1724 et
278 1688 558 1733 simplicitatem,
591 1690 669 1722 tum
691 1690 836 1731 propter
854 1686 1158 1731 interpolationem
1189 1687 1307 1721 Guelf.
1335 1687 1370 1722 6.
1399 1688 1603 1721 constituere

221 1747 256 1782 et·
279 1747 376 1789 dare,
399 1757 491 1790 quae
513 1746 598 1780 satis
620 1748 714 1779 certo
738 1745 945 1778 documento
968 1747 1039 1784 est,
1074 1743 1236 1787 primitus
1266 1745 1465 1790 decrevero,
1497 1757 1603 1793 qnam

221 1815 346 1838 vocem
369 1803 542 1847 explicare
572 1803 714 1837 volebat
743 1800 931 1843 librarius,
962 1800 998 1833 in
1030 1803 1129 1834 textu
1160 1800 1281 1836 fuisse.
1327 1803 1423 1837 Idem
1454 1805 1604 1839 verbum

220 1861 322 1897 initio
346 1864 378 1905 §-
398 1861 432 1897 7.
457 1861 644 1908 repetitum
662 1860 800 1895 Cortins
822 1858 919 1893 uncis
941 1857 1091 1900 inclusit,
1114 1858 1231 1903 Bipp.‚
1248 1859 1403 1906 Langius
1425 1864 1460 1896 et
1473 1861 1604 1896 Mulie·

220 1932 280 1955 rus
315 1919 501 1954 eiecerunt.
570 1917 744 1963 Quodnisi
784 1927 903 1951 omnes
936 1915 1035 1951 codd.
1070 1921 1267 1952 constanter
1298 1922 1470 1962 tenorent,
1500 1919 1604 1954 facile

220 1978 457 2020 concederem,
480 1988 588 2021 quum
611 1975 821 2010 constructio
844 1976 981 2008 mutata
1011 1972 1046 2006 ei
1075 1973 1129 2007 rei
1151 1985 1221 2008 non
1254 1975 1388 2018 obstet3
1422 1988 1456 2010 v.
1486 1978 1530 2011 F.
1557 1977 1601 2012 A.

221 2036 332 2071 Wolf.
366 2035 412 2070 ad
443 2035 561 2071 Tacit.
593 2035 683 2069 Anu.
711 2035 749 2076 1,
773 2032 840 2074 15,
877 2035 964 2065 extr.
1012 2030 1084 2065 Sed
1120 2032 1166 2066 ab
1198 2033 1357 2067 codicum
1395 2035 1603 2070 anctoritate

219 2094 381 2129 recedere
402 2093 529 2139 religio
552 2092 653 2127 nobis
674 2091 753 2134 ruit,
777 2089 983 2135 praesertim
1006 2099 1114 2132 quum
1133 2084 1218 2124 iteni
1240 2092 1434 2135 particulae
1450 2094 1602 2128 uerbum

222 2151 304 2188 addi
328 2162 429 2195 posse
451 2152 574 2186 doceat
595 2149 755 2188 Caesaris
776 2150 883 2191 locus,
906 2148 950 2182 B.
970 2147 1013 2182 G.
1032 2147 1061 2190 1,
1072 2147 1106 2184 8.
1115 2146 1150 2182 5.
1171 2159 1278 2193 supra
1299 2149 1346 2183 ad
1366 2149 1601 2196 aXXVHJ...

217 2209 400 2253 ascriptus.
580 2207 586 2209 “

311 2268 472 2301 sestertia
494 2265 651 2310 centum]
687 2265 742 2300 Ita
763 2266 848 2300 Bas.
865 2264 901 2299 1.
923 2263 1001 2297 Vin.
1031 2262 1065 2297 1.
1091 2261 1211 2296 Guelf.
1238 2261 1274 2298 5.
1312 2266 1478 2300 sca-tertia
1512 2270 1599 2301 cent.

221 2324 342 2359 Guelf.
377 2325 410 2359 3.
436 2325 471 2360 6.
504 2325 539 2359 ⁷.
573 2325 609 2360 9.
645 2323 702 2358 10.
749 2323 819 2358 Ιηο.
849 2322 883 2356 1.
916 2322 952 2356 2.
986 2321 1103 2356 Struv.
1141 2319 1222 2355 Son.
1249 2321 1284 2356 1.
1329 2322 1413 2356 Bas.
1442 2322 1477 2358 3.
1516 2323 1599 2358 Eoo.

221 2382 392 2417 Sestertta
415 2384 566 2416 ducenta
596 2381 720 2426 optimi
743 2380 864 2422 codd.;
896 2379 934 2414 in
964 2377 1139 2412 nonnullis
1171 2379 1230 2412 vel
1256 2381 1419 2414 sestertia
1450 2379 1601 2415 ducenta

221 2439 323 2472 milia
342 2441 402 2474 vel
423 2441 501 2475 duc.
524 2440 595 2474 mil.
618 2444 722 2481 sest„
753 2438 812 2472 vel
841 2437 1072 2472 sestertiorum
1106 2435 1173 2471 CC.
1203 2437 1303 2471 milia
1335 2449 1378 2472 ex
1407 2437 1600 2483 interpola-

219 2495 315 2530 tione
356 2507 496 2538 eomm,
539 2497 600 2541 qui
641 2496 841 2542 significare
882 2495 1013 2529 vellent
1051 2492 1190 2538 singula
1226 2495 1386 2530 sestertia
1425 2495 1600 2531 continere

220 2552 383 2586 millenos
404 2553 590 2590 sestertios.
611 2573 657 2579 -—
693 2553 825 2588 Invfine
848 2551 972 2596 capitis
994 2562 1075 2584 cum
1099 2551 1196 2585 Ger-l.
1219 2563 1284 2596 pro
1317 2554 1427 2598 iisqnae
1458 2553 1599 2598 scripsi—

221 2621 300 2646 mus
321 2610 453 2655 hisque,
477 2612 570 2655 quod
600 2614 651 2646 est
681 2611 718 2646 in
740 2611 818 2644 cod,
852 2610 928 2643 Eri.
959 2609 1042 2643 Bas.
1072 2609 1104 2643 1.
1139 2609 1227 2644 Tur.
1250 2610 1286 2646 2.
1316 2599 1419 2645 Bern'.
1437 2610 1472 2646 ὃ.
1504 2604 1599 2646 idem

221 2669 261 2711 5.
275 2666 312 2703 5.
336 2667 551 2703 restituimus
573 2679 616 2703 ex
640 2673 694 2703 sat
715 2667 835 2703 multis
858 2667 1015 2702 codd.—-
1038 2667 1190 2702 Minores
1207 2670 1448 2716 magistratus,
1469 2668 1599 2703 inteili-

219 2730 352 2774 guntur
384 2727 568 2773 praecipue
604 2727 792 2763 fflumvin·
832 2726 1010 2769 nocturni,
1043 2725 1182 2762 Aediles
1226 2730 1261 2763 et
1301 2727 1448 2763 Tribuni
1474 2727 1597 2773 plebia.
