1716 3210
252 209 311 261 32
683 251 687 258 1
856 201 1031 256 ΙΝΒΕΧ
1062 224 1065 229 ‘

255 318 525 363 Eaeiquost
555 312 712 350 C...41
758 312 922 358 Ῑ.36,3

255 378 311 412 Ex
336 379 497 410 eventum
519 373 670 415 denotat,
694 372 725 406 Ι.
738 371 796 415 83,
813 371 849 406 3.
1397 398 1402 410 ,

254 435 311 470 Ex
340 444 420 467 cum
447 430 668 466 substantivo
693 434 754 466 aut
783 431 907 465 neutro
933 427 1097 465 adiectivi
1127 439 1193 474 pro
1227 418 1440 472 adverbio,
1461 425 1574 473 c.8,
1605 427 1642 466 1.

347 490 376 524 Ι
396 488 533 532 14,11.

255 550 311 585 Ex
325 548 461 588 itinere,
490 558 531 581 ex
540 547 641 592 fuga
660 546 834 590 quomodo
848 544 988 579 differat
1013 544 1089 578 ab
1075 557 1113 578 m
1133 544 1256 579 itinere
1283 546 1362 590 etc„
1388 543 1418 580 Ι.
1438 525 1497 589 54,
1513 543 1550 580 4.

256 608 312 642 Ex
331 605 504 641 sententia
527 603 552 638 i.
571 615 601 640 e.
621 605 712 638 nach
734 604 897 646 Wunsch,
924 602 955 638 Ι.
980 601 1060 645 109,
1080 602 1116 636 4.
1167 630 1170 632 .

256 666 313 701 Ex
338 663 446 699 animi
467 663 534 697 mei
550 662 721 696 sententia
739 661 952 696 contestandi
972 659 1144 701 formula,
1174 657 1204 693 Ι.
1229 656 1287 702 85,
1304 656 1364 694 27.

257 725 314 758 Ex·
329 722 428 768 agris
442 720 623 765 praedari,
650 720 678 753 Ι.
699 719 758 764 88,
775 719 811 754 3.

256 773 413 816 Ex'loco
439 778 546 820 abire,
573 776 600 811 I.
625 776 706 819 107,
732 777 766 811 2.

258 839 314 874 Ex
332 837 505 871 commodo
525 834 549 869 i.
569 846 602 879 q.
620 834 803 869 commoda
820 833 1000 868 occasione
1022 835 1152 876 oblata,
1184 835 1212 870 1.
1231 834 1288 878 82,
1304 835 1340 871 2.

258 898 314 932 Ex
331 896 511 930 voluntate
533 892 708 936 quomodo
723 891 864 928 differat
881 903 903 928 a
924 894 1116 937 voluntate,
1139 893 1170 929 Ι.
1188 892 1246 939 83,
1265 893 1300 929 3.

258 956 314 991 Ex
339 952 536 998 improviso,
561 950 591 984 Ι.
610 947 667 997 14,
681 948 716 984 4.

257 1015 314 1049 Ex
340 1010 539 1055 composito,
567 1005 596 1042 Ι.
619 1006 675 1048 83,
694 1005 729 1041 3.

257 1073 314 1107 Ex
334 1070 470 1110 merito,
494 1067 523 1102 1.
542 1063 600 1108 85,
619 1064 676 1100 37.

257 1131 465 1173 Exaequare
474 1127 583 1169 facta
603 1123 706 1159 dictis)
730 1121 814 1167 quid
834 1122 891 1166 sit,
918 1123 954 1157 C.
972 1120 1008 1165 3,
1024 1123 1059 1158 2.

257 1185 459 1231 Exagitare
475 1181 573 1215 verbi
592 1181 733 1226 propria
748 1181 814 1223 vis,
844 1181 882 1215 C.
906 1181 963 1222 29,
981 1182 1015 1215 1.
1061 1179 1119 1225 38,
1145 1179 1182 1215 1.

257 1244 435 1280 Excellere
457 1241 500 1273 de
517 1251 555 1274 re
571 1239 667 1273 mala
685 1238 828 1280 dictum,
853 1238 892 1273 C.
917 1237 976 1279 37,
997 1237 1032 1272 5.

259 1302 405 1339 Exciere
428 1301 463 1333 et
487 1298 639 1332 excitare
663 1296 820 1338 confusa,
848 1295 885 1329 C.
904 1295 966 1337 37,
980 1295 1015 1330 6.

260 1360 404 1396 Excitus
425 1360 460 1391 et
483 1355 664 1394 excitatus,
689 1351 718 1388 Ι.
737 1351 796 1395 72,
814 1352 850 1387 2.

260 1415 467 1454 Excruciari
493 1413 536 1447 de
553 1409 751 1446 vehementi
768 1410 878 1445 animi
897 1411 1027 1446 affectu
1043 1405 1172 1447 dictum
1182 1434 1194 1456 ,
1222 1410 1250 1447 Ῐ.
1269 1410 1329 1457 82,
1346 1408 1381 1447 3.

260 1475 465 1520 Exemplum
489 1469 585 1506 vocis
604 1469 748 1514 propria
763 1472 927 1513 potestas,
950 1471 988 1504 C.
1009 1468 1069 1518 51,
1089 1470 1148 1506 27.

260 1535 430 1578 Exempla
444 1531 544 1566 edere
564 1529 601 1563 in
620 1528 702 1573 aliq.
724 1526 748 1561 i.
765 1539 799 1572 q.
819 1527 976 1573 graviter
994 1526 1128 1571 punire,
1147 1527 1186 1562 C.
1203 1526 1262 1571 51,
1281 1526 1342 1564 27.

261 1595 430 1631 Exercere
446 1589 601 1632 aliquem
624 1586 648 1621 i.
668 1598 702 1630 q.
721 1586 899 1631 exagitare
913 1590 947 1620 et
964 1586 1130 1631 fatigare,
1162 1586 1202 1621 C.
1221 1586 1279 1628 11,
1298 1587 1335 1621 1.

262 1654 431 1688 Exercere
451 1643 637 1681 victoriam
655 1643 679 1678 i.
706 1656 741 1688 q.
756 1643 906 1679 victoria
922 1643 1193 1688 intemperanter
1210 1644 1276 1687 uti,
1300 1644 1340 1680 C.
1359 1641 1418 1688 38,
1437 1643 1474 1682 4.
1505 1643 1534 1682 Ι.
1545 1644 1646 1690 16,2.

261 1712 431 1747 Exercere
445 1702 626 1750 proprium
641 1703 853 1736 vocabulum
873 1703 915 1737 de
931 1702 1024 1746 odio,
1058 1703 1096 1737 C.
1122 1701 1181 1745 49,
1196 1702 1231 1739 1.

262 1766 445 1804 Exercitus
468 1761 642 1807 quomodo
661 1759 802 1795 differat
817 1761 862 1795 ab
881 1761 1157 1802 exercitatus,1.
1177 1759 1236 1804 40,
1250 1759 1286 1797 5.
1333 1760 1392 1803 71,
1409 1760 1444 1797 1.

261 1825 445 1863 Exercitus
469 1821 651 1855 confusum
670 1829 750 1852 cum
776 1820 1003 1862 excruciatus,
1029 1818 1057 1852 Ι.
1079 1817 1137 1860 82,
1161 1817 1197 1853 3.

261 1882 443 1920 Exercitus
468 1889 531 1923 pro
557 1875 682 1921 quavis
697 1875 930 1918 multitudine,
958 1876 996 1910 C.
1014 1875 1072 1917 43,
1092 1876 1127 1910 1.

263 1941 415 1986 Exigere
435 1938 547 1972 vitam
564 1935 739 1969 diversum
757 1934 802 1968 ab
821 1945 928 1981 agere
946 1934 1068 1975 vitam,
1089 1932 1117 1966 Ι.
1139 1914 1195 1974 14,
1213 1931 1273 1970 15

263 1998 484 2035 Existumare
504 1993 680 2037 quomodo
701 1991 840 2026 differat
856 1992 901 2026 nb
923 1996 1128 2034 aestumare,
1154 1991 1192 2025 C.
1211 1990 1248 2036 8,
1265 1990 1301 2027 2.
1348 1979 1406 2038 58,
1430 1979 1487 2030 18.
1533 1991 1564 2030 Ι.
1587 1993 1647 2039 85,

353 2053 411 2089 14.
456 2047 537 2093 107,
553 2050 588 2085 1.
634 2047 715 2092 110,
732 2045 767 2083 5.

261 2112 485 2150 Existumare
508 2109 550 2143 de
572 2108 719 2143 Senatus
739 2106 885 2142 decretis
901 2109 1102 2152 usurpatur,
1130 2106 1170 2143 C.
1189 2104 1248 2154 51,
1266 2103 1324 2144 43.

263 2171 419 2208 Exitium
441 2169 464 2203 i.
482 2180 516 2212 q.
539 2166 662 2209 exitus,
691 2166 732 2201 C.
752 2163 812 2208 55,
833 2163 868 2199 6.
996 2157 1001 2163 ‘

263 2230 444 2264 Exornare
467 2225 626 2260 absolute
650 2222 673 2258 i.
690 2234 723 2267 q.
740 2233 877 2267 parare,
901 2221 931 2256 I.
955 2220 1014 2265 90,
1040 2218 1076 2257 1.
1102 2212 1105 2215 v

264 2285 438 2331 Expedire
454 2294 489 2318 se
508 2281 533 2317 i.
551 2294 585 2326 q.
602 2292 730 2326 parare
743 2292 780 2315 se
798 2281 842 2315 ad
856 2291 1026 2325 pugnam,
1050 2280 1078 2314 Ι.
1097 2278 1176 2322 105,
1195 2278 1231 2316 4.

262 2343 457 2390 Expeditns
482 2339 660 2375 notionem
680 2337 870 2373 celeritatis
889 2337 1010 2379 habet,
1023 2353 1026 2360 ·
1040 2338 1078 2372 C.
1099 2336 1157 2381 57,
1174 2337 1210 2373 4.

264 2401 462 2447 Expeditae
478 2399 633 2433 cohortes
653 2396 782 2442 duplici
799 2407 902 2431 sensu
918 2396 1041 2438 dictae,
1070 2395 1098 2430 1.
1113 2394 1172 2440 50,
1190 2395 1224 2431 1.

264 2458 515 2503 Experimento
533 2455 557 2490 i.
574 2467 607 2501 q.
630 2455 861 2496 Thatsacheu,
889 2453 918 2488 I.
938 2452 997 2495 46,
1011 2452 1047 2487 3.

263 2516 426 2562 Experiri
445 2516 640 2549 libertatem
666 2512 692 2548 i.
714 2524 747 2557 q.
768 2511 879 2546 libere
894 2510 959 2554 uti,
984 2510 1014 2545 Ι.
1035 2509 1092 2553 31,
1117 2508 1152 2548 5.

264 2576 398 2619 Expers
425 2571 555 2616 duplici
575 2570 679 2606 modo
698 2574 947 2614 constructum,
973 2569 1013 2604 C.
1035 2567 1094 2614 33,
1111 2568 1145 2606 1.

266 2631 456 2677 Exquirere
473 2631 690 2672 sententiam,
717 2629 745 2663 I.
765 2627 823 2671 29,
840 2625 875 2662 5.

266 2688 466 2734 Exsauguis
493 2688 663 2722 translato
688 2698 800 2729 sensu,
824 2686 862 2720 C.
879 2684 939 2729 39,
950 2681 985 2719 4.

265 2748 477 2792 Exspectare
499 2744 707 2790 praegnanti
725 2755 827 2780 sensu
846 2743 990 2788 dictum,
1019 2739 1049 2779 I.
1071 2739 1129 2786 85,
1147 2741 1210 2780 20.

266 2805 452 2840 Exstruere
476 2813 573 2838 mare
598 2802 683 2847 quid
700 2801 759 2846 sit,
785 2802 823 2837 C.
840 2799 898 2843 20,
921 2801 978 2837 11.
