1716 3210
229 258 317 299 810
595 252 643 295 (3.
685 251 1020 295 SALLUSTI
1057 252 1283 297 CRISPI

173 373 221 414 16
233 373 352 416 Nam
395 371 441 414 in
485 369 599 430 fuga
644 369 833 414 salutem
879 385 1089 429 sperare,
1135 386 1274 429 quum
1329 386 1477 429 arma,
1522 372 1620 432 quis

220 472 399 521 ‘corpus
434 463 626 522 tegitur,
673 463 730 506 ab
765 461 970 505 hostibus
1010 463 1246 518 avorteris,
1293 477 1347 507 ea
1390 478 1500 510 vero
1536 465 1620 510 de-

169 558 221 599 17
233 553 399 598 mentia
434 559 511 598 est.
582 553 776 614 Semper
820 554 867 597 in
911 553 1087 612 proelio
1132 569 1393 599 maxumum
1437 561 1502 599 est
1533 569 1618 614 pe-

233 646 451 702 riculum,
506 645 585 705 qui
628 653 838 691 maxume
883 646 1062 697 timent3
1117 645 1308 690 audacia
1359 661 1446 706 pro
1492 661 1623 691 muro

170 743 221 783 18
234 736 440 782 habetur.
511 738 668 794 Quum
710 753 791 783 vos
837 737 1099 792 considero,
1151 737 1339 795 milites,
1394 741 1439 783 et
1482 754 1623 797 quum

234 828 356 873 facta
392 834 541 874 vostra
577 836 806 886 aestumo,
852 845 1018 889 magna
1062 844 1136 873 me
1171 844 1272 889 spes
1306 819 1519 895 victoriae
1553 837 1624 876 te-

172 926 223 967 19
236 926 324 964 net.
406 921 618 980 Animus,
677 928 820 978 aetas,
872 923 1010 967 virtus
1056 911 1208 965 vostra
1253 937 1327 966 me
1372 922 1624 978 hortantur,

232 1017 472 1072 praeterea
523 1013 835 1078 necessitudo,
892 1029 1010 1073 quae
1067 1014 1202 1060 etiam
1258 1013 1444 1059 timidos
1500 1014 1627 1058 fortis

231 1179 339 1213 quam
362 1159 554 1214 exoptatis,
584 1169 645 1205 sed
677 1169 752 1204 sine
783 1169 911 1214 quibus
933 1170 1060 1205 melior
1090 1169 1248 1205 condicio
1270 1170 1393 1214 parari
1414 1181 1484 1205 non
1506 1170 1628 1215 possit,

232 1225 452 1269 liberemini,
484 1227 633 1263 audacia
663 1240 750 1272 opus
782 1231 846 1263 est.
901 1229 1066 1263 'renerus
1094 1227 1207 1274 igitur
1235 1229 1367 1262 mirum
1399 1231 1570 1272 quantum
1604 1239 1628 1262 a

231 1295 317 1318 vero
341 1285 543 1329 aberravit,
575 1287 635 1331 qui
667 1288 753 1322 haec
788 1286 938 1329 omisso,
972 1287 1110 1330 supplet
1141 1287 1204 1320 illa
1228 1287 1343 1330 foeda
1374 1287 1480 1331 atque
1503 1287 1628 1321 intole-

232 1343 372 1385 randa,
403 1344 497 1388 quod
528 1338 677 1390 propter⁴¹
701 1350 942 1390 antegressum
974 1344 1061 1379 haec
1085 1345 1184 1379 nullo
1207 1345 1313 1379 modo
1334 1343 1412 1379 fieri
1434 1346 1558 1388 potest.
1582 1363 1624 1367 -

232 1402 406 1446 Deinceps
443 1406 521 1447 post
554 1414 654 1437 nemo
687 1403 880 1448 supplenda
910 1405 962 1438 est
994 1403 1086 1437 enim
1118 1402 1313 1447 particula,
1346 1401 1390 1436 de
1421 1412 1491 1446 quo
1524 1411 1559 1435 v.
1584 1400 1628 1435 ad

234 1469 266 1495 c.
286 1459 394 1501 xvn,
412 1459 447 1507 7.
472 1463 507 1494 ct
529 1460 588 1503 m,
608 1459 643 1495 2.

331 1520 364 1561 ἓ.
400 1518 542 1553 16-17.
609 1519 687 1564 quis
720 1519 864 1565 corpus]
919 1518 1028 1555 Codd.
1069 1518 1144 1553 fere
1181 1528 1304 1552 omnes
1342 1518 1460 1552 tenent
1496 1516 1630 1561 quibus,

234 1580 374 1620 praeter
396 1576 498 1611 Rivii
521 1579 557 1611 et
578 1576 751 1619 Mer-seb„
786 1577 846 1622 qui
878 1576 1113 1620 antiquiorem
1146 1574 1362 1620 pronominis
1384 1574 1540 1608 formam
1564 1573 1628 1607 ha-

234 1633 328 1668 bent.
347 1655 390 1661 -
423 1634 554 1670 Statim
584 1639 663 1680 post
685 1647 747 1680 pro
772 1647 815 1670 ea
847 1647 929 1670 vero
954 1634 1073 1669 Guelf.
1096 1633 1132 1669 5.
1164 1632 1306 1683 exhibet
1327 1643 1370 1666 ea
1397 1641 1504 1674 vem,
1535 1631 1629 1675 quod

235 1690 382 1735 languet
411 1702 498 1735 prae
528 1693 688 1739 vulgata.
742 1695 829 1728 Vero
860 1692 1021 1739 graviter
1040 1682 1252 1727 ⁸*affirmandi
1275 1693 1447 1734 potestate
1476 1689 1630 1734 positum

236 1747 493 1784 illustravimus
517 1750 562 1784 ad
586 1762 616 1785 c.
635 1751 812 1794 xxxvn,
828 1752 862 1786 4.
880 1771 926 1777 --
965 1752 1109 1794 Semper
1132 1749 1168 1782 ἰπ
1194 1749 1327 1793 proelio
1352 1759 1551 1782 maxumum
1579 1752 1631 1782 est

234 1807 428 1851 periculum
474 1807 633 1842 Col-tium
677 1814 712 1843 et
753 1809 984 1844 Gerlachium
1024 1806 1133 1842 secuti
1177 1804 1402 1850 scripsimus;
1443 1805 1555 1850 vulgo
1586 1805 1631 1838 iis

238 1867 316 1908 post
338 1865 468 1908 proelio
493 1863 656 1910 additur,
688 1868 748 1901 scd
772 1866 982 1901 Sallustium
1016 1874 1209 1909 pronomen
1240 1874 1308 1898 non
1340 1862 1519 1907 scripsisse
1550 1861 1632 1896 inde

239 1925 358 1965 patet,
391 1923 484 1966 quod
506 1935 572 1968 pro
596 1925 640 1959 iis
665 1925 767 1960 multi
791 1925 891 1960 codd.
922 1926 1041 1958 tenent
1065 1922 1141 1965 his,
1175 1921 1243 1957 ulii
1265 1921 1356 1965 illis,
1389 1918 1456 1954 alii
1478 1919 1532 1953 his
1554 1922 1633 1963 post

235 1980 453 2025 periculum3
485 1993 571 2016 vera
603 1987 723 2017 autem
755 1981 906 2018 auctoris
936 1991 1062 2015 manus
1094 1981 1238 2014 servata
1269 1981 1381 2013 exstat
1422 1977 1458 2012 in
1489 1977 1572 2013 Bas.
1597 1978 1629 2012 1.

240 2037 322 2072 Seu.
346 2038 380 2072 1.
417 2036 522 2074 Fabi.
543 2041 577 2075 1.
594 2040 629 2075 2.
664 2042 749 2077 Ecc.
773 2044 808 2076 et
833 2039 950 2074 Guelf.
966 2038 1002 2073 2.
1037 2036 1098 2082 qui
1130 2035 1221 2070 nihil
1252 2035 1425 2071 eiusmodi
1456 2035 1502 2069 ab
1525 2028 1631 2069 intir-

240 2096 461 2142 polatoribus
483 2097 644 2135 habent.)
673 2100 728 2134 De
752 2097 1024 2132 demonstrativo
1046 2094 1276 2141 pronomine,
1294 2105 1365 2128 non
1386 2093 1529 2134 eodem,
1561 2104 1631 2136 quo

241 2155 432 2190 relativum
454 2156 606 2201 positum
630 2160 694 2199 est,
714 2157 772 2191 sed
790 2156 862 2190 alio
879 2168 963 2191 casu
987 2153 1192 2199 supplendo,
1209 2151 1363 2186 diximus
1380 2151 1424 2186 ad
1447 2163 1478 2185 c.
1491 2151 1583 2192 xm,
1595 2150 1630 2184 2.

242 2216 278 2247 et
299 2214 475 2258 xxxvll,
494 2213 529 2249 3.
570 2215 714 2249 Addidit
745 2215 883 2249 Cor-tius
919 2213 996 2248 Liv.
1027 2211 1156 2252 xxm,
1183 2208 1240 2252 15,
1267 2209 1303 2244 4.
1331 2209 1496 2254 praemia
1526 2213 1633 2253 atque

245 2271 411 2314 honores,
445 2274 505 2318 qui
537 2278 758 2308 remanerent
791 2285 832 2307 ac
862 2274 1016 2307 militare
1053 2279 1167 2304 secum
1195 2267 1407 2309 voluissent,
1438 2266 1632 2312 proposuit,

243 2329 289 2363 ad
320 2341 424 2373 quom
454 2331 572 2365 locum
607 2331 873 2366 Drakenborch.
913 2330 1025 2363 multa
1065 2325 1161 2363 Livii
1198 2325 1360 2369 exempla
1402 2327 1438 2359 et
1481 2323 1633 2358 aliorum

242 2386 451 2429 scriptorum
487 2389 636 2433 interpp.
668 2385 838 2423 laudavit.
888 2387 1047 2421 Eandem
1079 2396 1154 2420 rem
1188 2383 1307 2434 tetigit
1338 2382 1447 2418 etium
1470 2381 1634 2416 Bremius

244 2444 290 2479 ad
314 2444 400 2489 Nep.
426 2446 599 2482 Themist.
619 2447 682 2489 lx,
702 2447 735 2482 1.
772 2450 806 2480 et
830 2446 874 2480 ud
898 2444 1003 2479 Dion.
1025 2444 1115 2486 vul,
1131 2442 1164 2477 4.
1195 2462 1242 2470 -
1288 2442 1450 2478 liabetur
1480 2451 1550 2475 non
1583 2443 1635 2474 est

243 2505 412 2546 putatur,
435 2504 496 2536 sed
521 2510 573 2539 est
596 2506 654 2538 vel
675 2504 890 2549 possidetur,
915 2507 954 2537 ut
977 2501 1127 2536 diximus
1151 2500 1196 2535 ad
1218 2512 1248 2534 c.
1271 2501 1300 2541 Ι,
1321 2499 1356 2533 4.

341 2562 374 2603 §.
398 2559 455 2596 18.
505 2563 680 2607 aestumo]
717 2562 806 2596 Octo
828 2561 930 2596 codd.
954 2561 1047 2606 apud
1070 2558 1230 2593 Con-tium
1255 2559 1433 2598 existumo,
1456 2555 1550 2600 quod
1572 2566 1636 2588 cur

246 2616 286 2651 h.
310 2616 334 2651 l.
360 2617 444 2651 ferri
466 2624 616 2661 nequeat
639 2619 860 2664 exposuimus
884 2619 929 2654 ad
952 2630 982 2655 c.
1003 2617 1094 2659 vul,
1115 2617 1149 2651 2.
1181 2617 1261 2650 coll.
1282 2617 1324 2658 11,
1345 2615 1380 2650 8.
1399 2633 1446 2640 --
1478 2614 1537 2647 Me
1561 2608 1655 2657 opos¹

248 2673 393 2719 plurimi
426 2678 566 2710 tuentur
600 2678 723 2719 codd.;
755 2677 791 2711 in
816 2676 933 2711 Guelf.
949 2675 984 2710 7.
1003 2675 1037 2710 8.
1071 2677 1106 2709 et
1127 2675 1211 2708 Bne.
1236 2678 1288 2707 est
1318 2685 1368 2717 sp.
1393 2683 1427 2706 υ.
1451 2681 1506 2705 me
1528 2675 1635 2710 tenet,

249 2731 313 2776 qui
349 2733 537 2767 verborum
570 2735 656 2769 ordo
689 2735 840 2770 deterior
873 2737 927 2769 cst
958 2734 1123 2779 vulgato,
1167 2743 1251 2767 nam
1284 2740 1478 2777 pronomen
1507 2727 1635 2762 rectius

252 2789 390 2826 mediae
413 2790 564 2828 orationi
588 2791 839 2839 interponitur3
871 2803 905 2826 v.
937 2801 1046 2836 supra
1068 2790 1113 2827 ad
1136 2792 1169 2836 S·
1190 2790 1224 2827 4.
1250 2793 1285 2826 et
1308 2790 1352 2824 ad
1375 2789 1404 2835 1,
1429 2789 1461 2825 1.
1507 2788 1633 2823 Imme—
