1716 3210
0 2661 19 2706 ξ

568 207 1128 255 ΡΒᾸΕῈΔΤΙΟ.
1482 221 1544 253 vu

31 312 53 347 η’
143 335 222 378 est.
270 329 503 386 Quantum
525 328 644 374 enim
677 342 734 373 ex
764 327 1104 372 narrationibus
1125 324 1189 371 de
1207 340 1357 373 rerum
1391 326 1534 373 scho-

143 411 396 456 lasticarum
441 416 555 454 statu
598 408 832 468 quotannis
875 405 1085 452 exhibitis
1129 407 1353 454 coniicere
1394 422 1532 468 posse

141 487 430 545 videbamur,
485 487 722 534 Sallustius
775 487 917 532 rarius
958 486 1075 530 inter
1127 484 1232 532 illos
1286 488 1529 547 scriptores

115 556 383 631 invenitur,
416 569 506 628 ἰμί
539 567 819 629 superiorum
863 566 1073 612 ordinum
1115 568 1286 613 civibus
1321 585 1350 614 a
1386 584 1528 628 prae-

135 649 397 710 ceptoribus
439 648 644 709 praelegi
686 646 858 702 solent,
900 646 982 692 sed
1028 647 1300 708 plerumque
1346 650 1527 710 privato

137 729 455 791 industriorum
526 726 882 772 adolescentium
949 726 1100 772 studio
1174 729 1526 790 cognoscendus

136 807 415 866 nli-quitur.
479 806 627 863 Quod
658 813 710 852 ut
743 807 878 852 valde
911 808 1171 867 probamus,
1210 808 1273 853 ita
1308 816 1404 854 tum
1439 809 1527 854 de-

134 898 261 932 mum
293 900 508 947 magnam
542 887 781 932 utilitatem
814 884 1028 944 habebit,
1073 888 1109 933 si
1144 889 1390 935 commoda
1425 888 1527 934 edi-

128 968 255 1013 tione
309 967 508 1012 instructi
551 967 611 1014 ad
657 967 926 1028 scriptorem
980 968 1231 1029 legendum
1290 969 1524 1016 accedent.

131 1047 228 1093 sed
261 1047 344 1091 ista
377 1047 516 1114 laude
556 1063 712 1094 carere
752 1061 874 1107 quae
906 1047 967 1092 ad
1002 1047 1127 1095 hunc
1162 1061 1294 1094 usum
1328 1050 1524 1096 circum-

131 1127 336 1172 feruntur
368 1127 503 1173 facile
545 1142 703 1174 omnes
745 1129 1023 1186 concedent,
1058 1130 1138 1188 qui
1173 1127 1337 1174 harum
1371 1145 1523 1175 rerum

131 1205 267 1268 periti
299 1214 422 1261 sunt3
454 1208 529 1253 vix
562 1209 682 1254 enim
715 1208 812 1254 ulla
845 1215 936 1266 est,
971 1225 1063 1269 qua
1098 1210 1410 1256 adolescentes
1443 1216 1523 1254 aut

130 1287 202 1332 ad.
225 1287 490 1333 Sallustium
522 1294 645 1334 recte
676 1288 1023 1350 intelligendum
1057 1296 1136 1336 aut
1168 1291 1230 1338 ad
1265 1290 1520 1353 accuratio-

38 1367 43 1370 ’
129 1363 246 1412 rem>
267 1367 455 1413 Latinae
474 1401 483 1411 ,
500 1367 685 1429 linguae
729 1370 1035 1430 coguitionem
1079 1371 1368 1423 adiuventur3
1388 1382 1390 1384 ’
1409 1371 1519 1428 quin

128 1447 214 1492 isto
247 1449 430 1501 nomine
463 1454 565 1492 suut
598 1462 716 1506 quae
749 1450 1145 1510 grammaticarum
1180 1451 1517 1496 annotationum

130 1524 422 1587 perversitate
448 1535 603 1586 aperte
624 1535 815 1574 noceant
847 1529 1065 1576 incautius
1099 1532 1338 1588 utentibus,
1373 1545 1517 1589 quum

130 1614 177 1652 et
219 1608 282 1652 ab
335 1607 458 1652 omni
508 1607 749 1652 subtilitate
800 1608 1052 1667 inquirendi
1103 1611 1277 1656 alienae
1318 1611 1427 1670 sint,
1471 1614 1519 1655 et

128 1686 320 1733 levitatis
360 1687 407 1731 in
447 1687 676 1731 veteribus
719 1688 1015 1748 scriptoribus
1068 1690 1349 1752 explicandis
1389 1691 1516 1750 quasi

24 1776 44 1804 i·
129 1766 299 1813 duces·
323 1773 371 1813 et
423 1766 826 1814 commendatrices
878 1767 1226 1816 adolescentulis
1293 1771 1514 1816 exsistant.

23 1869 31 1877 ·
129 1847 443 1903 Quamobrem
474 1861 567 1892 non
610 1847 813 1893 inutilem
846 1864 875 1895 a
910 1863 983 1895 me
1016 1850 1223 1898 laborem
1258 1842 1514 1911 susceptum

130 1927 187 1972 iri
217 1927 397 1988 putavi,
430 1927 468 1971 si
502 1925 750 1973 editionem
783 1943 1018 1989 pararem,
1052 1944 1172 1990 quae
1203 1931 1388 1992 privatis
1422 1931 1516 1976 usi-

130 2007 215 2052 bus
246 2006 644 2069 adolescentium
630 2022 678 2051 ιιι
702 2009 1003 2071 intelligendis
1022 2011 1191 2057 Latinis
1225 2012 1516 2072 scriptoribus

128 2087 221 2133 iam
253 2087 357 2132 sut‘u
390 2088 750 2146 exercitatorum,
770 2091 1045 2150 omninoque
1067 2108 1224 2138 eorum
1251 2107 1516 2139 accommo-

130 2166 241 2212 data
263 2171 381 2213 esset
408 2167 670 2223 rationibus,
697 2169 775 2228 qui
795 2184 989 2229 gnavam
1013 2173 1166 2232 potius
1182 2186 1319 2232 quam
1351 2186 1516 2234 parum

130 2252 384 2292 somata-1
417 2262 608 2308 operam
650 2249 698 2293 in
728 2248 901 2295 Latinis
943 2251 1100 2298 litteris
1136 2247 1219 2298 sibi
1253 2254 1515 2315 ponendam

131 2332 353 2373 comeam
402 2329 556 2374 Prima
587 2329 726 2390 igitur
759 2344 870 2376 cura
903 2330 1007 2389 fuit,
1036 2340 1086 2378 ut
1109 2334 1340 2395 scriptoris
1358 2335 1513 2388 verba,

131 2423 160 2451 a
193 2405 353 2453 Coruo
385 2407 514 2453 nimis
548 2408 825 2470 depravata,
866 2427 1005 2471 quam
1038 2413 1137 2458 fieri
1170 2419 1323 2474 posset
1357 2429 1515 2459 emen-

132 2487 357 2532 datham
390 2487 675 2543 exhiberem3
718 2491 765 2534 in‘
798 2507 890 2550 qua
923 2508 996 2548 re,
1042 2501 1092 2538 ut
1124 2509 1211 2555 par
1245 2501 1336 2550 ωε,
1383 2493 1515 2542 codi-

132 2581 236 2612 cum
271 2569 582 2614 auctoritatem
614 2571 679 2615 ita
710 2579 889 2617 secutus
919 2588 1033 2629 sum,
1066 2581 1118 2618 ut
1148 2575 1516 2635 interpolationes

131 2646 197 2707 ¹ab
240 2647 434 2692 auctoris
489 2664 627 2695 manu
679 2649 1025 2714 dig-noscerem,
1073 2671 1222 2715 neque
1271 2657 1518 2701 scribarum

138 2728 287 2787 lapsus
342 2731 421 2774 aut
481 2730 724 2790 abnormes
774 2740 1014 2782 stt-etuas
1062 2735 1279 2782 Sallustio
1332 2736 1520 2796 dignam
