1716 3210
227 207 231 218 ’
267 222 354 265 292
624 217 671 258 e.
701 213 1050 260 SALLUs'rr
1079 200 1306 285 'enisu
1370 256 1372 258 ,

271 350 365 395 que
399 333 620 393 parietes,
653 337 802 392 'atque
844 332 1028 393 insuper
1071 347 1251 379 camera
1291 306 1480 395 lapideis
1514 334 1658 401 forni-

273 427 397 472 cibus
445 425 619 480 vincta,
675 424 756 469 sed
802 425 1000 480 incultu,
1052 425 1271 484 tenebris,
1331 425 1476 477 odore
1511 418 1659 472 'foeda

230 523 409 575 fiatque
465 515 674 561 terribilis
730 516 823 561 eius
880 516 1018 561 facies
1063 522 1149 563 est.
1235 517 1290 562 In
1347 515 1453 566 eum
1505 518 1658 565 locum

268 613 514 676 postquam
564 607 780 653 demissus
835 613 901 661 est
951 607 1193 665 Lentulus,
1253 608 1454 655 vindices
1507 625 1659 655 rerum

264 699 558 760 capitalium,
602 700 764 759 quibus
799 706 1099 761 praeceptum
1135 705 1252 757 erat,
1298 700 1464 760 laqueo
1498 701 1658 762 gulam

225 804 253 844 6
268 792 464 853 fregere.
533 791 603 836 Ita
635 792 712 837 ille
745 792 958 852 patricius
993 807 1048 837 ex
1082 793 1338 838 clarissuma
1370 799 1508 855 gente
1540 792 1658 838 cor-

265 884 514 943 neliorum,
549 884 628 943 qui
663 885 898 930 consulare
936 884 1175 945 imperium
1210 885 1388 930 Romae
1422 884 1657 942 habuerat,

265 1007 344 1042 Lat.
371 1009 406 1050 §—
429 1005 510 1041 148.
538 1006 574 1042 1.
596 1008 632 1042 b.
657 1020 692 1053 p.
717 1009 800 1046 280.
842 1007 917 1043 vim
948 1009 1144 1044 accusativi
1179 1020 1261 1044 cum
1291 1009 1328 1044 in
1357 1020 1517 1054 praepos.
1546 1006 1657 1042 iuncti

263 1066 418 1108 habere,
442 1065 480 1099 in
502 1077 572 1110 qua
595 1067 765 1102 sententia
787 1068 860 1102 iam
883 1068 982 1111 prius
1003 1068 1146 1102 fuerunt
1170 1069 1255 1102 Ger⁴
1278 1068 1308 1102 1.
1332 1069 1431 1102 Voss.
1454 1068 1497 1101 de
1520 1066 1654 1099 constr.

263 1135 294 1157 c.
318 1121 376 1158 25.
402 1133 436 1167 p.
464 1123 546 1159 416.
582 1125 819 1160 Ruddimunn.
849 1125 975 1159 Institt.
1002 1126 1160 1159 Gramm.
1197 1125 1302 1159 Tom.
1330 1126 1374 1160 11.
1406 1137 1441 1169 p.
1466 1123 1549 1159 272.
1588 1122 1652 1156 Ed.

263 1180 415 1222 Stallb.,
442 1180 517 1216 alii.
563 1182 658 1225 Quin
679 1183 797 1227 potius
818 1183 1000 1227 propriam
1022 1183 1186 1217 vocabuli
1209 1181 1283 1216 vim
1308 1186 1468 1217 constare
1486 1179 1653 1224 arbitror,

262 1237 449 1273 insolentia
472 1238 610 1273 dicendi
639 1239 676 1273 in
700 1251 742 1275 eo
773 1244 954 1281 versante,
988 1240 1081 1284 quod
1104 1241 1214 1274 verba
1244 1244 1375 1282 motus,
1404 1239 1496 1273 unde
1525 1237 1655 1271 vocula.

260 1295 406 1340 pendet,
438 1306 508 1335 nou
532 1296 614 1330 dum
627 1299 744 1341 fiunt,
776 1298 838 1332 sed
860 1301 899 1331 ut
921 1297 995 1331 iam
1019 1299 1145 1342 effecta
1169 1298 1386 1342 cogitantur,
1419 1294 1544 1331 mentis
1567 1305 1654 1338 qua-

262 1353 346 1387 dam
369 1351 548 1387 celeritate
579 1353 616 1387 id
650 1356 744 1399 quod
775 1366 985 1398 consequens
1016 1359 1067 1390 est
1088 1355 1337 1399 antecapiente.
1394 1353 1509 1388 Veluti
1544 1363 1653 1397 quum

258 1410 387 1456 virgil.
411 1410 498 1444 Aen.
517 1411 559 1454 V,
575 1410 656 1445 481.
682 1412 784 1447 dicit:
813 1413 1006 1457 procumbit
1028 1413 1126 1446 humi
1159 1414 1229 1456 bos,
1263 1413 1400 1447 animus
1434 1422 1502 1445 non
1525 1410 1652 1443 immo-
1704 1429 1712 1439 ι

259 1472 363 1504 ratur
384 1469 642 1513 procumbendi
666 1471 817 1513 actioni,
842 1471 901 1504 sed
926 1475 1089 1515 properat
1119 1471 1164 1505 ad
1186 1461 1275 1504 eius’
1291 1471 1458 1504 effectum
1488 1467 1651 1506 intuitur-

257 1537 327 1571 que
363 1526 495 1560 bovem
529 1526 603 1561 iam
646 1528 748 1562 humi
781 1529 965 1563 iacentem.
1021 1530 1117 1563 Curt.
1143 1529 1234 1571 vm,
1260 1528 1295 1570 4,
1321 1528 1357 1565 6.
1386 1529 1651 1572 prostraverant

257 1586 357 1620 humi
379 1597 536 1630 corpora,
560 1585 624 1619 ubi
645 1586 842 1631 cogitatur,
865 1587 949 1631 quid
971 1585 1219 1631 prosternendo
1246 1586 1412 1620 effectum
1433 1585 1503 1629 sit,
1525 1594 1651 1628 nempe

256 1647 300 1678 ut
322 1644 419 1678 humi
443 1649 556 1678 essent
579 1655 741 1688 corpora.
789 1646 843 1679 Ita
866 1648 984 1679 nostro
1009 1645 1088 1678 loco
1112 1643 1209 1678 humi
1237 1644 1416 1688 depressus
1447 1646 1580 1687 spectat
1603 1641 1648 1675 ad

252 1701 326 1736 loci
348 1704 514 1736 naturam
545 1701 770 1746 deprimendo
794 1705 921 1737 ortam.
967 1701 1146 1736 Interdum
1177 1711 1222 1735 ea
1250 1701 1342 1735 ratio
1374 1700 1483 1735 etiam
1512 1700 1648 1734 adiecto

252 1760 362 1794 verbo
384 1759 585 1801 adiuvatur,
609 1770 643 1792 v.
669 1771 701 1793 c.
725 1760 825 1806 virg.
845 1761 930 1794 Aen.
950 1760 1012 1800 XI,
1031 1759 1114 1795 64⁰.
1148 1760 1280 1794 volvi
1288 1765 1363 1794 tur
1393 1759 1453 1793 ille
1488 1756 1648 1792 emerissus

252 1818 387 1852 humi.
436 1817 551 1852 Tacit.
574 1816 729 1852 Historr.
748 1818 794 1859 11,
813 1817 871 1860 64,
896 1818 944 1851 in.
975 1817 1166 1861 proiectum
1189 1818 1311 1852 humi
1333 1817 1582 1862 iugulavit.
1601 1834 1646 1840 —

253 1875 405 1910 Camera
437 1876 529 1919 quod
561 1876 660 1909 codd.
695 1879 836 1914 tuentur
867 1886 1008 1915 omnes,
1039 1875 1178 1916 multis,
1212 1875 1322 1910 etiam
1355 1868 1562 1909 Heindorflo
1600 1873 1646 1907 ad

250 1933 342 1967 Hor.
378 1932 453 1968 Sat.
473 1933 518 1975 11,
535 1931 571 1974 3,
592 1932 698 1975 273.,
730 1936 918 1977 praeeunte
951 1931 1076 1965 verrio
1107 1933 1238 1967 Flacco
1270 1944 1326 1977 ap.
1353 1932 1489 1968 Charis.
1521 1945 1557 1977 p.
1585 1932 1643 1967 43.

252 2001 398 2025 camara
429 1990 652 2024 scribendum
683 1989 843 2032 videtur,
875 2001 987 2034 quum
1020 2000 1149 2034 graece
1191 1989 1343 2035 καμάρα
1375 1991 1443 2032 sit3
1475 1991 1536 2025 sed
1565 1992 1645 2024 vul-

248 2058 376 2092 garem
417 2047 570 2082 formam
606 2051 703 2082 reete
747 2048 901 2090 defendit
933 2044 1036 2082 Conr'.
1069 2047 1174 2091 Leop.
1207 2048 1442 2083 Schneiderus
1483 2049 1643 2082 Gramm.

247 2104 326 2139 Lat.
349 2106 376 2148 l,
394 2105 428 2141 1.
451 2116 486 2150 p.
505 2104 540 2139 9.
557 2125 604 2131 -
645 2107 717 2140 Pro
746 2107 865 2140 vincta
896 2106 1001 2140 multi
1032 2104 1132 2138 codd.
1164 2105 1299 2140 solenni
1331 2106 1407 2140 fere
1437 2106 1642 2141 confusione

248 2163 387 2205 iuncta,
411 2163 458 2198 ad
479 2163 668 2198 sententiae
689 2163 765 2198 vim
787 2164 900 2198 multo
923 2161 1084 2197 deterius.

340 2225 373 2264 §.
385 2220 419 2256 5.
445 2222 614 2255 demissus
637 2221 710 2273 est]
736 2222 800 2256 Est
824 2221 861 2255 in
882 2226 1045 2266 quattuor
1059 2218 1170 2254 Curtii
1190 2218 1290 2252 libris
1311 2219 1421 2262 abest,
1441 2219 1500 2254 sed
1523 2231 1644 2256 omne·

247 2278 351 2314 Base.
375 2280 505 2314 Bernn.
525 2279 632 2313 Turr.
658 2282 693 2313 et
716 2279 836 2313 Leidd.
861 2282 1067 2324 agnoscunt.
1087 2297 1132 2304 —
1171 2277 1329 2310 Vindices
1359 2289 1475 2312 rerum
1505 2280 1643 2323 cupita-
1715 2280 1716 2289 ³

248 2336 344 2370 lium.
418 2338 520 2371 Haec
559 2337 669 2370 verba
705 2336 844 2371 Cottius
885 2338 936 2373 ita
966 2339 1002 2372 in
1042 2334 1275 2379 suspicionem
1309 2334 1471 2378 adduxit,
1519 2347 1644 2380 quam-

247 2404 355 2436 quam
396 2405 465 2428 nou
505 2395 598 2436 alia,
649 2394 716 2429 nisi
755 2395 826 2428 hac
865 2395 983 2439 inepta
1033 2393 1169 2430 ratione
1218 2405 1327 2435 usus,
1382 2392 1559 2428 brevitati
1598 2404 1642 2428 eu.

247 2451 485 2486 Sallustianae
527 2462 746 2497 repugnare,
778 2455 819 2486 ut
848 2452 1006 2496 plerique
1037 2462 1119 2486 eum
1142 2450 1252 2484 secuti
1282 2453 1321 2484 ut
1351 2450 1473 2495 spuria
1498 2450 1639 2485 omitte-

245 2513 345 2550 rent,
387 2509 480 2552 quod
500 2520 702 2555 perperam
749 2509 895 2543 factum.
951 2510 1204 2552 Praeterquam
1238 2506 1331 2540 enim
1373 2507 1465 2551 quod
1500 2512 1638 2542 senten-
1695 2550 1699 2559 Ι

246 2564 299 2599 tia
331 2564 423 2599 nihil
456 2566 586 2608 habet,
621 2566 715 2610 quod
748 2566 926 2600 offendere
952 2565 1083 2608 possit,
1123 2577 1166 2599 ex
1196 2565 1273 2609 ipsa
1309 2564 1471 2599 codicum
1503 2563 1634 2599 discre-

243 2621 367 2668 pantia
399 2623 495 2657 clare
527 2623 757 2669 intelligitur,
785 2624 894 2658 verba
923 2623 1078 2668 genuina
1109 2634 1195 2656 esse.
1253 2622 1324 2657 Pro
1357 2622 1509 2657 vindices
1540 2622 1634 2656 enim

243 2680 347 2715 multi
381 2680 547 2715 exhibent
584 2682 714 2715 indices
747 2685 809 2716 aut
838 2681 988 2723 iudices,
1026 2680 1199 2715 incertum
1212 2704 1225 2722 ,
1256 2679 1423 2724 lapsum,
1460 2689 1506 2713 an
1547 2678 1632 2723 quia

244 2739 398 2775 vindices
436 2749 507 2774 non
545 2738 631 2775 satis
671 2741 792 2783 aptum
828 2742 1008 2784 putarent3
1047 2738 1111 2774 alii
1145 2749 1213 2785 per
1244 2738 1396 2781 indices,
1422 2736 1526 2773 'unus
1563 2747 1631 2782 per
1680 2779 1681 2782 Ἴ
