1716 3210
233 213 323 256 280
601 208 649 250 C.
677 207 1287 255 SALLUSTIGRISP!

194 326 331 372 6Sed
365 324 585 372 memoria
617 340 723 372 mea
764 324 938 386 ingenti
975 326 1163 384 virtute,
1208 326 1398 375 divorsis
1429 329 1630 376 moribus

232 419 359 464 fuere
393 417 479 462 viri
513 417 634 476 duo,
681 416 753 462 M.
787 417 904 463 Cato
939 423 986 463 et
1031 418 1083 466 G.
1118 418 1311 474 Caesar;
1361 434 1477 479 quos
1509 437 1630 481 quo-

231 510 353 555 niam
385 524 458 554 res
493 509 740 566 obtulerat,
776 510 955 555 silentio
989 511 1235 571 praeterire
1269 526 1361 556 non
1394 513 1483 561 fuit
1507 528 1631 560 ¹con-

233 602 381 647 silium
395 632 409 658 ,
452 601 570 660 quint
596 602 829 661 utriusque
874 608 1080 648 naturam
1116 609 1162 649 et
1193 618 1367 662 mores,
1412 611 1629 664 quantum
1667 619 1669 623 ⁴

230 693 414 756 ingenio
449 708 656 754 possem,
691 696 931 754 aperirem.

366 785 491 832 LIV.
556 786 706 848 Igitur
737 786 808 833 his
842 802 1002 851 genuS,
1038 791 1170 846 aetaS,
1196 786 1453 853 eloquentia
1477 803 1629 851 prope

231 943 308 989 ger.
332 962 377 970 —
410 944 532 990 Effeta
563 955 685 980 omnes
713 943 820 987 libri,
853 956 944 990 quae
972 945 1152 991 scriptura
1181 944 1349 991 analogia
1378 944 1495 992 magis
1527 956 1628 981 com-

230 1002 418 1037 mendatur
439 1013 546 1046 quam
570 1003 719 1047 effoeta5
745 1003 921 1038 descendit
950 1003 1044 1037 enim
1069 1004 1115 1038 ab
1147 1003 1291 1048 antiquo
1321 1003 1434 1038 verbo
1456 1006 1520 1049 seo
1543 1002 1568 1038 i.
1593 1015 1627 1039 e.

231 1061 366 1106 gigno,
393 1061 441 1094 cf.
467 1061 565 1097 Voss.
589 1061 747 1106 Etymol.
781 1074 815 1106 p.
845 1061 926 1095 212.
961 1061 1064 1095 Conr.
1097 1061 1205 1105 Leop.
1231 1060 1436 1096 Schneider.
1460 1063 1624 1098 Gramm.

231 1118 310 1154 Lat.
340 1118 370 1159 Ι,
396 1119 430 1152 1.
469 1129 503 1162 p.
535 1118 583 1153 78
612 1131 664 1163 sq.
708 1122 743 1153 et
773 1120 855 1153 Ern-
887 1118 1032 1153 Weberi
1063 1118 1266 1154 Exercitatt.
1302 1120 1387 1164 styli
1420 1121 1499 1155 Lat.
1524 1120 1571 1155 Τ.
1592 1120 1625 1157 Ῑ.

230 1186 266 1220 p.
286 1176 366 1212 114.
413 1175 592 1219 Denique,
623 1187 668 1210 ne
691 1176 777 1220 quid
810 1176 899 1211 desit
921 1177 1016 1220 quod
1038 1176 1084 1211 ad
1106 1176 1144 1210 h.
1169 1177 1196 1210 l.
1217 1177 1415 1221 pertineat,
1450 1177 1624 1221 addimus,

228 1232 436 1278 Bipontinos
460 1238 495 1268 et
518 1235 695 1280 Langium
718 1234 899 1279 scripsisse
919 1235 1015 1269 velut
1039 1235 1144 1278 effeta
1164 1236 1313 1279 pai-ente
1329 1238 1408 1278 otc,
1431 1235 1627 1270 Mullorum

228 1302 315 1325 vero
352 1292 575 1327 scribendum
613 1292 818 1327 coniecisse=
855 1304 919 1335 ac,
962 1293 1066 1326 sicuti
1097 1290 1398 1338 effeta‘sparente,
1429 1294 1475 1328 in
1507 1293 1626 1328 multis

228 1353 334 1394 temp.
358 1354 424 1384 etc.
462 1351 611 1385 videant
633 1351 826 1393 acutiores,
855 1350 940 1395 quid
962 1351 1092 1385 horum
1115 1352 1273 1386 omnium
1295 1362 1420 1386 verum
1443 1351 1499 1386 sit.

322 1409 355 1450 §.
383 1407 419 1443 6.
469 1409 616 1444 divorsis
647 1408 826 1451 moribus]
869 1407 1010 1443 Cottius
1042 1420 1086 1444 ex
1117 1410 1217 1445 codd.
1250 1409 1331 1444 Seu.
1362 1410 1397 1451 2.
1430 1412 1466 1444 et
1496 1410 1625 1445 Heuss.

228 1464 367 1509 scripsit
390 1466 520 1501 divorsi
543 1468 704 1509 moribus,
730 1467 822 1511 quod
844 1478 907 1511 per
930 1478 968 1500 se
990 1466 1132 1511 quidem
1155 1478 1223 1502 non
1247 1467 1539 1502 contemnendum
1561 1471 1625 1513 eet,

227 1535 339 1568 quum
361 1524 457 1558 haud
489 1535 572 1559 raro
604 1526 816 1561 adiectivum
829 1551 840 1570 ,
866 1514 1023 1570 proprie*
1043 1535 1126 1576 culp
1147 1525 1340 1570 praedicati
1365 1526 1507 1561 nomine
1537 1537 1623 1562 con-

228 1582 466 1632 iungendam,
503 1583 549 1617 ad
580 1583 776 1618 subiectum
809 1584 1003 1627 referatur,
1037 1595 1073 1619 V.
1105 1594 1136 1617 c.
1159 1583 1239 1629 Ing.
1267 1583 1466 1627 Lxxvm,
1493 1583 1528 1619 3.
1555 1583 1627 1620 auo

229 1645 311 1675 sunt
333 1641 448 1683 sinus,
472 1640 681 1686 impares
711 1643 980 1687 magnitudine,
1009 1642 1094 1687 pari
1123 1647 1267 1676 natura.
1302 1642 1394 1676 Veu.
1420 1642 1555 1690 11,-11‚
1586 1642 1622 1678 1.

228 1698 368 1741 Marius
390 1699 468 1741 suit
497 1699 574 1733 vita
597 1704 748 1735 sanctus.
784 1700 833 1734 ib.
859 1701 912 1743 11,
939 1700 1006 1742 29,
1032 1699 1068 1734 3.
1104 1699 1287 1745 Pompeius
1317 1700 1516 1734 innocentia
1550 1700 1624 1734 exi-

227 1754 337 1797 mius,
372 1756 561 1791 sanctitate
590 1759 819 1802 praecipuus,
852 1759 1049 1803 eloquentia
1082 1759 1228 1792 medius.
1261 1757 1306 1798 11,
1331 1755 1397 1799 34,
1424 1757 1461 1792 3.
1492 1757 1624 1800 Cicero,

227 1818 268 1848 ut
290 1813 367 1848 vita
390 1815 527 1856 clarus,
559 1814 613 1848 ita
636 1815 778 1860 ingenio
801 1817 983 1851 maximus.
1031 1815 1149 1850 Tacit.
1174 1814 1263 1849 Ann.
1281 1814 1327 1857 Π,
1345 1814 1380 1857 6,
1404 1813 1480 1850 init.
1513 1827 1622 1851 naues

222 1872 357 1917 planae
379 1872 519 1905 carinis.
550 1871 637 1905 ibid.
659 1883 690 1906 c.
714 1871 773 1914 33,
805 1872 882 1908 init.
915 1885 1003 1908 vasa
1035 1884 1122 1908 auro
1152 1873 1284 1915 solida3
1315 1883 1352 1906 cc
1369 1870 1428 1906 34.
1462 1882 1498 1916 p.
1526 1872 1621 1908 med.

229 1930 389 1964 Tiberius
419 1930 624 1974 compositus
656 1941 726 1966 ore.
775 1929 853 1965 Liv.
883 1931 958 1973 Vll,
984 1929 1043 1973 10,
1065 1930 1100 1965 7.
1134 1940 1256 1974 corpus
1277 1929 1524 1975 magnitudine
1547 1930 1623 1964 exi-

225 1988 354 2030 mium,
398 1987 498 2022 cuius
539 1987 681 2033 generis
722 1988 825 2032 plura
863 1989 1024 2033 exempla
1058 1986 1369 2022 Drakenborchius
1409 1987 1543 2032 notavit
1573 1987 1621 2023 ad

226 2046 265 2088 1,
295 2045 340 2088 9,
366 2046 424 2080 11.
463 2045 659 2089 Quominus
693 2047 813 2079 tamen
845 2045 940 2081 hanc
982 2048 1197 2080 structuram
1227 2045 1289 2079 hic
1318 2045 1524 2090 probemus,
1557 2056 1621 2080 co-

227 2103 347 2138 dici-m
381 2104 497 2138 obstat
525 2102 564 2137 in
594 2103 744 2148 vulgata
788 2102 1079 2138 consentientium
1116 2098 1322 2138 auctoritas.
1347 2121 1391 2127 —
1434 2104 1619 2139 obtulerat

227 2172 338 2206 neque
359 2173 402 2196 ac
427 2158 504 2205 suit
526 2165 649 2195 contra
681 2172 817 2206 uxorem
839 2160 995 2203 dictum3
1026 2164 1200 2206 exspectes
1222 2160 1316 2195 enim
1350 2161 1474 2196 obtulit
1494 2165 1530 2198 et
1553 2166 1620 2196 est.

225 2220 282 2256 Ad
313 2220 589 2265 plusquamperf.
633 2222 669 2254 et
700 2220 788 2264 peri.
827 2218 1062 2253 excusandum
1099 2218 1211 2263 possis
1243 2217 1379 2261 dicere,
1422 2223 1617 2264 auctorem,

226 2276 444 2322 digressione
472 2278 522 2311 >de
553 2276 684 2312 caussis
715 2278 959 2312 Romanorum
982 2273 1232 2322 ruaguitudinis
1256 2277 1373 2318 faeta,
1402 2275 1618 2322 cogitatione

227 2335 274 2371 ud
296 2335 399 2370 illum
423 2336 541 2369 locum
571 2335 709 2378 redire,
742 2334 805 2369 ubi
828 2334 988 2369 Caesaris
1013 2339 1049 2368 et
1070 2333 1214 2368 Catonis
1235 2334 1411 2369 orationes
1434 2335 1616 2380 retulerat,

167 2382 173 2394 ¹
225 2404 313 2438 quos
347 2392 399 2427 ita
430 2405 486 2427 res
516 2394 651 2428 obtulit.
709 2392 780 2427 Sed
818 2396 858 2426 ut
887 2403 1011 2426 eorum
1039 2395 1205 2426 naturam
1238 2396 1273 2426 et
1308 2403 1420 2426 mores
1450 2394 1615 2438 aperiret,

225 2461 296 2487 non
319 2450 391 2484 illis
415 2450 649 2493 orationibus,
684 2450 744 2485 sed
768 2451 982 2496 digressione
1011 2447 1210 2484 admonitus
1239 2452 1328 2490 est;*
1342 2461 1464 2485 rursus
1495 2454 1616 2486 autem

226 2507 479 2554 digressionem
502 2508 674 2553 instituit,
707 2512 747 2543 ut
777 2507 820 2541 de
844 2507 988 2542 illorum
1020 2505 1162 2552 ingenio
1192 2509 1227 2540 et
1249 2505 1407 2542 moribus
1437 2507 1615 2552 disputare

225 2570 355 2612 posset.
403 2566 522 2609 Quare
543 2578 653 2610 quum
677 2567 806 2601 fulsum
829 2565 887 2607 sit,
916 2577 990 2600 rem
1012 2565 1093 2599 iilos
1115 2564 1211 2597 viros
1234 2563 1424 2608 obtulisse,
1444 2565 1614 2610 suspicor,

227 2623 435 2660 Sallustium
458 2623 584 2657 callide
617 2613 813 2658 orationein
842 2623 894 2658 ita
925 2621 1134 2664 instituisse,
1169 2625 1207 2655 ut
1230 2616 1400 2667 lectores}
1429 2621 1461 2656 si
1482 2626 1613 2666 posset,

226 2683 380 2724 celaret,
412 2681 507 2715 hanc
539 2680 582 2713 de
606 2679 766 2715 Caesaris
789 2684 825 2715 et
854 2680 994 2715 Catonis
1016 2679 1158 2725 ingenio
1181 2678 1449 2723 disputationem
1471 2679 1614 2725 longius

225 2740 374 2786 petitam
407 2747 520 2783 neque
560 2737 647 2775 satis
678 2738 863 2773 commode
893 2736 1090 2774 narrationi
1131 2737 1175 2772 de
1206 2736 1390 2782 puniendis
1420 2735 1613 2773 coniuratis
