1716 3210
259 230 318 275 Ὦ
859 225 1036 274 INDEX

261 340 338 386 Que
358 349 429 385 qua
449 338 587 375 ratione
606 339 791 376 variarum
811 339 1068 386 particularum
1089 340 1164 377 vim
1184 341 1320 380 habero
1337 346 1465 390 punit,
1487 346 1527 382 0.
1549 346 1587 391 4,
1605 347 1643 386 2,

261 398 337 441 Que
360 397 528 431 omissum
547 401 627 442 post
648 399 817 434 nonnulla
840 398 1026 442 adiectiva,
1049 400 1090 436 C.
1110 399 1166 443 15,
1190 401 1224 435 1.
1268 401 1328 445 57,
1349 402 1384 437 1.
1428 405 1459 440 1.
1479 405 1539 447 66,
1562 405 1598 441 1.

262 455 336 498 Que
357 454 588 500 interceptum
609 459 773 500 sequente
795 468 816 491 o
839 454 970 501 littera,
992 458 1022 492 1.
1043 455 1101 499 35,
1124 457 1159 492 2.
1205 457 1264 502 35,
1285 459 1321 496 6.
1365 458 1427 502 38,
1447 461 1485 497 9.
1530 462 1590 507 79,
1605 462 1642 499 3.

262 512 337 555 Que
357 530 404 542 -
425 524 490 558 que
510 514 618 548 etium
640 513 676 547 iu
697 524 801 558 prosa
827 513 986 548 oratione
1007 513 1158 559 licitum,
1181 517 1208 551 Ι.
1236 517 1294 564 10,
1317 517 1352 553 2.
1398 517 1482 564 100,
1494 516 1530 554 5.

262 570 338 613 Que
363 588 408 597 —-
432 575 468 606 et
488 571 705 606 abundanter
727 582 790 616 pro
813 570 969 615 simplici
993 577 1040 614 et,
1063 573 1090 607 Ι.
1113 572 1172 616 81,
1193 574 1229 609 2.

263 628 332 672 Qui
351 628 645 675 interrogativum
667 633 703 665 et
723 628 943 664 indefinitum
964 628 1138 664 diversum
1163 642 1186 666 a
1209 633 1306 677 quis,
1323 633 1366 669 C.
1387 630 1446 678 44,
1470 631 1505 674 5.

263 686 333 730 Qui
353 687 516 733 antiquus
537 686 714 722 ablativus
735 686 827 721 unde
849 685 1047 729 descendat,
1078 687 1117 722 G.
1139 686 1199 730 51,
1218 688 1277 726 24.

263 743 357 788 Quia
376 745 553 789 quomodo
579 744 718 779 differat
741 754 764 779 a
785 743 897 789 quod,
919 743 949 779 Ι.
971 742 1030 789 80,
1053 741 1090 779 6.
1136 745 1219 790 102,
1240 746 1277 784 7.

265 802 360 845 Quia
383 802 421 837 iu
446 804 505 849 qui
528 802 770 845 depravatum,
786 802 814 835 Ι.
836 799 894 844 16,
918 800 952 836 2.

264 858 357 901 Quia
377 870 459 893 cum
481 858 704 893 coniunctim
726 858 896 901 iunctum,
923 858 952 894 I.
974 856 1032 903 98,
1053 857 1092 897 6.

264 916 358 959 Quia
381 920 416 952 et
437 929 505 962 qua
527 916 682 957 confusa,
704 916 732 950 1.
756 915 836 959 110,
851 915 889 952 3.

265 974 464 1020 Quicunque
487 973 589 1009 tmesi
612 972 835 1018 disiunctum,
860 975 899 1009 C.
922 972 958 1019 5,
982 974 1019 1011 4.

263 1030 464 1078 Quicunque
486 1035 521 1066 et
543 1031 704 1077 quicquid
727 1043 808 1065 cum
830 1031 1022 1067 indicativo
1042 1031 1214 1079 iunctum,
1245 1034 1285 1071 C.
1310 1034 1369 1079 52,
1390 1033 1428 1075 5.

263 1088 467 1138 Quicunque.
485 1092 520 1123 et
543 1090 683 1134 quisque
705 1089 862 1132 confusa,
885 1090 923 1125 C.
947 1089 1006 1133 39,
1028 1090 1064 1126 6.

264 1145 412 1189 Quidem
437 1145 631 1190 particulae
654 1157 746 1190 quae
767 1147 913 1192 propria
934 1148 990 1182 vis
1012 1148 1071 1194 sit,
1094 1148 1121 1185 1.
1147 1147 1207 1193 51,
1228 1147 1266 1185 ⁵.

264 1202 412 1245 Quidem
432 1206 513 1237 ante
534 1209 654 1239 tamen
677 1203 859 1246 omissum,
883 1206 923 1240 G.
940 1205 1000 1247 61,
1023 1205 1059 1240 3.

265 1259 405 1302 Quietes
426 1259 574 1303 pluralis
599 1273 669 1305 quo
692 1272 794 1296 sensu
817 1262 928 1297 dietus
949 1263 1007 1307 sit,
1030 1263 1071 1298 C.
1094 1261 1154 1309 15,
1175 1262 1212 1299 4.

265 1317 416 1360 Quilibet
439 1317 542 1351 tmesi
566 1313 788 1364 disiunctum,
812 1320 852 1355 0.
874 1319 908 1361 5,
924 1319 961 1355 4.

265 1374 356 1418 Quin
378 1374 416 1409 iu
438 1376 679 1411 cohortatione
701 1389 782 1412 cum
804 1377 995 1414 indicativo
1021 1377 1258 1422 coniunctum,
1286 1379 1327 1415 G.
1350 1378 1408 1424 20,
1423 1379 1483 1418 14.

265 1432 402 1478 Quippe
424 1433 485 1478 qui
508 1445 589 1469 cum
609 1434 801 1470 indicativo
829 1439 865 1471 et
883 1436 1106 1473 coniunctim
1132 1435 1372 1482 coniunctum,
1395 1438 1434 1476 C.
1447 1437 1506 1484 48,
1528 1439 1566 1479 2.

267 1490 403 1536 Quippe
425 1494 461 1525 et
481 1492 607 1537 quippe
631 1493 701 1538 qui,
724 1493 754 1528 I.
779 1493 814 1535 1,
835 1493 872 1528 3.

266 1548 354 1592 Quis
372 1547 667 1595 interrogativum
686 1555 723 1586 et
744 1550 964 1586 indefinitum
985 1550 1165 1588 diversum
1185 1563 1210 1588 u
1233 1553 1308 1599 qui,
1330 1553 1371 1589 G.
1393 1551 1452 1597 44,
1475 1552 1510 1590 5.

266 1606 353 1651 Quis
373 1606 515 1651 antique
537 1618 601 1651 pro
625 1608 763 1653 quibus,
794 1609 822 1646 1.
843 1608 889 1656 7,
925 1608 960 1644 6.
1006 1609 1073 1653 13,
1097 1609 1134 1648 6.
1177 1607 1246 1688 25,
1273 1609 1308 1648 4.
1353 1610 1420 1656 31,
1441 1612 1478 1650 4.
1521 1611 1589 1657 66,
1610 1611 1648 1655 4.

354 1663 415 1708 80,
437 1664 472 1701 3.
516 1664 576 1710 80,
598 1663 635 1701 5.
681 1665 814 1711 105,1.

265 1722 453 1769 Quisquam
474 1722 549 1758 vim
571 1722 787 1759 indefinitam
809 1725 930 1769 habet,
954 1726 994 1762 G.
1018 1724 1162 1769 52,11.

265 1781 455 1827 Quisquam
477 1781 656 1816 diversum
679 1782 725 1817 ub
749 1784 886 1829 aliquis,
910 1784 951 1819 C.
975 1783 1033 1827 36,
1056 1782 1093 1819 5.

264 1839 453 1885 Quisquam
475 1839 655 1874 diversum
677 1849 701 1875 u
728 1841 880 1886 quisque,
906 1842 946 1878 C.
969 1839 1007 1883 5,
1028 1841 1065 1876 3.

265 1897 454 1943 Quisquam
475 1888 660 1933 confusum
681 1909 765 1932 eum
787 1899 970 1944 quispiam,
994 1899 1023 1935 l.
1043 1895 1104 1942 45,
1125 1898 1163 1937 Ζ

264 1955 415 2001 Quisque
437 1954 655 2000 pronominis
675 1955 820 2000 propria
839 1956 904 1998 vis,
926 1957 966 1992 G.
989 1954 1025 1999 5,
1045 1955 1083 1995 3.

264 2013 416 2058 Quisque
438 2016 474 2049 et
499 2014 681 2058 quisquam
706 2013 865 2057 confuso,
889 2015 930 2050 C.
951 2012 988 2057 5,
1011 2013 1048 2054 3.
1100 2050 1106 2056 ,

264 2071 414 2116 Quisque
437 2074 473 2106 et
496 2071 622 2116 quippe
645 2071 801 2114 confusa,
824 2071 854 2106 1.
879 2072 915 2115 1,
935 2071 972 2107 4.

263 2128 415 2175 Quisque
437 2132 471 2163 et
494 2128 684 2174 quicunque
705 2129 866 2174 confuso,
890 2130 931 2164 G.
953 2128 1015 2172 39,
1035 2128 1073 2165 ⁶.
1548 2148 1551 2150 ·

263 2187 416 2232 Quisque
437 2182 710 2227 α’νακολούθως
734 2186 897 2222 ablativis
918 2186 1089 2222 absolutis
1109 2155 1363 2231 interponimus,
1385 2185 1414 2222 1.
1439 2185 1498 2232 18,
1519 2187 1558 2245 3.

265 2245 420 2291 Quisque
435 2243 568 2290 plurali
589 2243 820 2288 appositionis
840 2244 875 2279 vi
898 2242 1237 2288 additum,1.1,4.

264 2302 415 2348 Quisque
437 2301 501 2337 ubi
520 2302 697 2346 pluralem
719 2302 822 2339 verbi
852 2302 923 2338 sibi
943 2301 1135 2348 adiungere
1153 2300 1284 2347 possit,
1314 2301 1358 2338 C.
1390 2300 1435 2346 6,
1464 2302 1500 2341 2.
1544 2302 1589 2349 7,
1610 2302 1648 2349 1,

353 2358 413 2403 37,
436 2358 472 2394 6.
516 2358 576 2402 43,
601 2360 637 2394 1.

265 2416 415 2462 Quisque
433 2428 506 2466 ‘non
528 2417 659 2462 ubique
681 2417 857 2462 pluralem
878 2417 980 2455 verbi
1002 2415 1174 2463 requirit,
1205 2417 1246 2453 C.
1267 2415 1328 2462 37,
1350 2416 1387 2455 6.
1431 2417 1462 2453 1.
1481 2416 1542 2462 75,
1562 2415 1600 2454 5.

265 2474 339 2519 Quo
363 2475 400 2508 in
422 2475 581 2521 generali
603 2475 774 2510 relatione
794 2487 866 2511 non
897 2477 944 2511 ad
964 2487 1107 2518 nomen,
1141 2475 1204 2517 sed
1225 2476 1273 2512 ad
1295 2478 1411 2513 totam
1431 2475 1647 2514 annunciatio<

351 2542 433 2568 nem
455 2533 720 2577 praecedentem
740 2534 903 2577 refertur,
923 2534 952 2571 1.
978 2531 1140 2578 102,’10,
1227 2533 1230 2536 ’

263 2586 339 2630 Quo
362 2588 387 2622 i.
411 2600 445 2633 q.
468 2593 511 2624 ut
532 2601 575 2626 ea
600 2603 651 2635 re,
675 2592 716 2626 C.
740 2591 798 2633 38,
820 2591 857 2626 3.

263 2645 340 2690 Quo
362 2646 444 2685 unio
463 2650 746 2694 comparativum
767 2660 838 2684 nou
857 2647 954 2685 valet
972 2653 1174 2695 propterea,
1195 2647 1236 2688 G.
1258 2648 1292 2693 1,
1313 2647 1348 2690 3.
1365 2659 1369 2665 ·
1394 2647 1454 2693 8⁷,
1478 2648 1515 2691 8.

263 2704 340 2746 Quo
363 2714 433 2738 non
453 2708 569 2749 potest
590 2707 710 2741 valere
732 2707 905 2753 quoniam,
931 2706 961 2742 1.
983 2705 1044 2752 32,
1066 2705 1102 2748 5,

264 2761 341 2803 Quo
362 2772 431 2797 uon
452 2762 631 2809 significat
653 2765 704 2800 ad
725 2764 830 2810 quod,
858 2765 888 2804 ,1-
910 2762 970 2808 64,
992 2765 1029 2800 1.
1360 2786 1367 2795 ι

265 2820 340 2872 Quo
361 2819 397 2863 in
418 2820 694 2871 interrogatione
716 2823 762 2861 ad
785 2822 963 2862 consilium
985 2825 1129 2868 spectat,
1151 2823 1179 2859 ¹.
1204 2821 1265 2867 64,
1286 2824 1324 2865 1,
