1716 3210
232 239 319 281 814
598 232 646 276 C·
676 232 1015 275 SALLUSTI
1055 233 1281 276 CRISPI
1525 264 1544 283 ,

191 357 221 399 3
235 354 444 402 collocat.
515 350 592 396 Ab
626 348 698 394 his
734 349 1014 396 centuriones
1050 351 1194 397 omnis
1227 351 1395 411 lectos,
1421 358 1477 400 ‘et
1511 366 1622 398 evo-

204 529 210 537 *
229 509 465 547 etantivorum
494 517 518 541 a
554 506 815 552 praepositione
853 507 1078 553 pendentium
1116 510 1301 546 rationem.
1363 509 1626 546 Grammaticus

230 568 317 604 satis
339 567 471 601 faceret
492 574 613 610 rupem
636 571 820 609 asperam,
851 565 945 610 quod
967 565 1075 601 etiam
1099 568 1218 603 Cortio
1250 569 1354 603 valde
1376 568 1529 615 placuit3
1563 567 1624 602 sed

230 637 302 660 non
324 622 555 669 intelligitur,
580 623 754 668 quomodo
778 622 915 658 scribae
949 623 986 658 iu
1019 628 1093 659 tam
1117 627 1221 670 plana
1254 630 1428 662 structura
1458 626 1625 660 aberrare

231 682 420 729 potuerint.
478 681 612 735 Quare
630 693 700 715 uon
734 681 877 723 dubito,
910 681 996 726 quin
1027 683 1132 728 Bipp.
1171 696 1255 719 vere
1286 683 1498 720 conieceriut
1526 681 1624 727 rupis

232 752 382 788 aspera,
414 751 484 785 quo
507 742 604 774 certa
625 736 736 783 paene
758 739 818 774 via
841 739 938 774 ducit
960 750 1063 784 rupes
1086 753 1223 786 aspera.
1272 743 1390 788 Quum
1414 740 1508 776 enim
1529 739 1625 784 rupis

231 810 300 846 pro
323 809 442 834 accus.
477 787 570 842 plur.
601 796 794 840 haberent,
826 797 1011 842 vulgar-eiu
1045 799 1296 833 substituerunt
1329 801 1504 841 formam·
1535 797 1626 832 uude

232 857 309 901 alii,
334 867 476 891 sensum
497 866 567 889 non
591 859 750 890 constare
775 855 1109 899 animadvertentes,
1140 856 1239 891 facili
1261 857 1501 891 emendatione
1522 865 1626 899 rupee

233 926 380 961 asperas
404 914 462 948 vel
484 924 605 958 rupem
630 925 791 958 asperam
814 913 1071 958 procuderant,
1102 914 1165 948 alii
1189 925 1274 949 vero
1302 915 1478 950 ablativos
1501 912 1625 948 absoll.

233 972 387 1009 orationi
410 971 598 1006 convenire
620 975 796 1016 putarunt.
853 971 966 1016 Rupis
997 983 1124 1016 aspera
1147 975 1265 1006 autem
1289 984 1354 1017 pro
1376 983 1496 1017 rupem
1520 980 1622 1015 aspe-

234 1043 313 1067 ram
345 1031 469 1066 eodem
499 1029 606 1064 modo
638 1028 774 1063 dictum
806 1031 878 1071 est,
908 1032 948 1063 ut
981 1029 1018 1063 in
1049 1029 1195 1075 Fragm.
1219 1029 1371 1064 Historr.
1396 1031 1439 1064 11.
1469 1028 1536 1063 No.
1565 1026 1623 1061 12.

233 1091 327 1125 inter
351 1090 490 1123 laeva
513 1087 735 1121 moenium
760 1091 795 1121 et
818 1087 976 1121 dextrum
993 1090 1128 1132 flumen
1154 1090 1312 1123 Turiam.
1335 1086 1422 1122 ibid.
1442 1086 1504 1128 111,
1522 1083 1623 1126 224.

233 1147 344 1182 statui
368 1145 649 1180 certaminis
673 1145 874 1178 advorsa
895 1145 1033 1189 potiora
1051 1157 1123 1179 esse
1140 1147 1234 1190 sorti
1250 1146 1336 1188 viro,
1361 1154 1466 1190 quam
1488 1143 1625 1177 omniuo

233 1216 304 1238 mm
327 1204 522 1238 certavisse.
570 1202 647 1236 Liv.
671 1202 813 1244 xxvn,
833 1202 890 1244 18,
907 1202 965 1237 10.
998 1203 1079 1246 υἰα,
1113 1214 1204 1247 quae
1226 1213 1289 1247 per
1323 1199 1490 1238 tumuli
1513 1199 1626 1234 obli-

233 1273 322 1306 qua
351 1261 389 1293 in
423 1271 531 1305 agros
556 1262 683 1304 ferret.
722 1260 884 1300 xxvm,
907 1259 967 1301 20,
993 1259 1029 1294 3.
1062 1271 1132 1304 qua
1161 1271 1226 1304 per
1255 1259 1488 1304 inaequaliter
1521 1255 1624 1291 emi-

234 1318 398 1353 nentia
421 1330 471 1351 ru
476 1319 524 1362 pi
532 1330 549 1352 s
568 1322 756 1363 poterant,
780 1318 964 1354 scandunt.
1011 1317 1127 1353 Tacit.
1146 1317 1268 1352 *AualL
1285 1319 1314 1360 1,
1333 1317 1392 1359 61,
1413 1317 1491 1351 init.
1520 1326 1626 1361 prae-

234 1377 337 1410 misso
362 1375 526 1419 Caecina,
549 1381 590 1410 ut
613 1377 800 1410 occulta
826 1376 1034 1410 saltuum
1057 1380 1281 1410 scrutaretur.
1314 1374 1526 1419 11‚69,ex'tr.
1551 1385 1624 1407 va-

234 1435 477 1469 letudinis.
499 1434 701 1467 adversa
737 1435 918 1468 rimantes.
936 1434 1010 1475 ,1v,
1026 1429 1085 1475 414
1102 1432 1180 1468 init.
1207 1434 1355 1468 Seianus
1384 1433 1534 1468 tacita
1556 1443 1624 1465 su-

234 1488 494 1537 spicionum
529 1492 746 1536 deprecatur.
780 1492 828 1527 ib.
850 1503 880 1526 c.
899 1490 959 1534 59,
980 1491 1056 1526 init.
1089 1492 1244 1526 oblatum
1269 1492 1415 1526 Caesari
1434 1491 1626 1536 periculum

235 1551 336 1585 auxit
359 1561 480 1583 vana
509 1551 719 1584 rumoris.
757 1550 803 1584 ct'.
829 1550 969 1594 Zumpt.
995 1545 1258 1584 Grammdlmt.
1283 1552 1316 1593 §.
1343 1549 1403 1591 73,
1436 1549 1472 1584 5.
1496 1551 1574 1582 noh
1591 1553 1628 1582 et

234 1619 322 1652 quos
354 1607 406 1641 ibi
437 1608 571 1643 laudat.
625 1608 726 1643 Licet
757 1612 878 1643 autem
909 1608 968 1642 hic
999 1607 1166 1652 loquendi
1197 1619 1281 1642 usus
1319 1606 1433 1653 poetis
1461 1605 1628 1648 maxime,

234 1666 351 1710 iisque
378 1665 630 1710 scriptoribus,
662 1666 723 1710 qui
754 1670 833 1710 post
863 1667 1062 1712 Augustum
1094 1665 1275 1707 Vixerunt,
1306 1664 1471 1710 proprius
1503 1663 1569 1705 ait,
1592 1673 1627 1697 v·

234 1723 423 1759 Heindorf.
447 1725 493 1758 ad
517 1725 606 1758 Hor.
632 1723 709 1758 Sat.
727 1725 773 1768 11,
791 1724 825 1766 2,
846 1723 905 1759 25.
921 1749 930 1765 ‚
963 1728 999 1759 et
1023 1724 1155 1758 Hertel.
1180 1723 1225 1757 ad
1246 1722 1366 1758 Taciti
1388 1720 1510 1767 Agr-ic.
1535 1733 1564 1755 c.
1577 1720 1625 1762 6.,

235 1780 328 1816 nihil
351 1785 471 1815 tamen
494 1785 568 1823 est,
606 1782 700 1826 quod
729 1794 813 1816 eum
837 1793 859 1816 a
883 1781 1054 1816 Sallustio
1078 1781 1238 1816 adhiberi
1262 1780 1417 1825 potuisse
1445 1790 1626 1826 negemus.

237 1839 292 1872 Ab
316 1838 441 1872 dextra
465 1838 605 1874 curtius
636 1843 731 1874 recte
752 1839 843 1874 vidit
864 1837 1082 1883 respondere
1105 1830 1310 1884 praegresso
1331 1838 1506 1879 sinistros,
1529 1839 1628 1881 apte-

235 1907 306 1941 que
329 1895 475 1930 contulit
496 1896 574 1942 lug.
591 1896 632 1939 Is,
649 1898 682 1932 4.
720 1897 899 1932 Numidae
922 1897 987 1931 alii
1004 1901 1267 1942 postremos
1300 1896 1464 1939 caedere,
1493 1906 1581 1940 pars
1603 1905 1629 1928 a

235 1955 438 1990 sinistra
462 1966 504 1989 ac
527 1955 698 1990 dextra
719 1960 869 1990 tentare.
917 1954 1055 1998 Aliam,
1079 1954 1157 1996 sed,
1181 1953 1212 1988 si
1235 1953 1319 1998 quid
1341 1952 1464 1995 video,
1486 1963 1631 1998 prorsus

235 2013 366 2048 falsam
397 2011 572 2047 rationem
587 2012 682 2054 ‚iniit
711 2012 922 2058 Herzogius.
976 2012 1011 2046 ls
1042 2013 1134 2047 inter
1159 2008 1408 2047 'tantummodo
1442 2012 1550 2046 refert
1583 2010 1630 2045 ud

237 2072 395 2106 sinistros
416 2065 571 2114 montes,
604 2082 729 2116 aspera
759 2081 845 2104 vero
878 2069 1060 2115 coniungit
1082 2081 1163 2104 cum
1191 2070 1382 2114 planities,
1405 2079 1497 2113 quae
1519 2068 1630 2102 verbu

237 2129 324 2164 satis
349 2139 473 2174 aspere
506 2128 558 2163 ita
586 2128 865 2173 iuterpretatur}
889 2128 1003 2170 deun,
1038 2128 1088 2162 da
1118 2128 1348 2161 zwischen
1381 2127 1465 2160 den
1498 2126 1626 2160 links

237 2188 511 2239 gelegenea
534 2185 719 2231 Bet-gen
742 2186 818 2219 eine
835 2187 953 2220 Ebene
976 2198 1062 2230 war,
1085 2185 1158 2220 und
1179 2196 1243 2218 zur
1265 2184 1421 2218 Rechten
1443 2184 1501 2218 eiu
1514 2184 1629 2228 selsig

239 2244 372 2279 rauher
403 2245 527 2280 Boden
549 2248 615 2279 etc.
656 2245 758 2280 Haec
799 2243 957 2278 attulisse
988 2242 1164 2286 sufficiun
1205 2253 1289 2281 nam
1320 2241 1462 2287 singula
1494 2242 1541 2277 ob
1573 2240 1626 2275 ni-

239 2302 351 2337 miam
375 2303 626 2337 obscuritatem
647 2302 709 2337 vix
733 2305 864 2350 queunt
884 2302 1012 2337 refelli.

334 2362 467 2395 relicua
489 2362 620 2406 signa]
655 2361 710 2395 Itu
733 2353 981 2395 tantummodo
997 2360 1034 2394 iu
1055 2358 1176 2394 Leidd.
1202 2358 1244 2393 A.
1265 2357 1307 2391 Β.
1326 2357 1365 2393 C.
1384 2350 1430 2392 D.
1449 2356 1495 2393 F.
1513 2357 1560 2392 Η.
1575 2356 1626 2390 Μ.

243 2417 413 2462 scriptum
436 2422 567 2460 exstat3
600 2418 707 2454 ceteri
736 2419 794 2452 vel
825 2419 1038 2452 relicuorum'
1061 2417 1119 2451 vel
1153 2417 1362 2450 relicuarum
1392 2415 1498 2460 signa
1529 2412 1629 2448 exhi-

241 2476 345 2517 bent,
380 2475 440 2509 sed
470 2480 632 2512 neutrum
663 2488 686 2512 a
720 2476 887 2511 Sallustio
920 2475 1096 2521 proditum
1126 2474 1274 2508 videtur.
1334 2463 1500 2508 Genitivo
1523 2471 1629 2514 enim,

241 2534 339 2568 velut
371 2534 541 2579 legionis,
580 2535 637 2568 vel
676 2535 843 2576 cohortis,
877 2533 1018 2575 addito,
1060 2544 1129 2577 quo
1162 2532 1283 2576 aliqua
1321 2531 1506 2576 copiarum
1547 2540 1630 2574 par:

241 2591 483 2637 significatur,
515 2593 619 2637 signa
651 2591 791 2637 proprio
815 2603 951 2636 semper
981 2602 1084 2625 sensu
1110 2590 1279 2635 capienda
1301 2593 1402 2630 sunt,
1432 2587 1630 2631 vexillaque

243 2651 306 2684 aut
326 2647 483 2692 aquilam
506 2653 646 2691 notant3
670 2649 733 2685 ubi
757 2653 876 2684 autem
899 2649 968 2683 hoc
985 2648 1159 2684 vocabulo
1182 2648 1250 2693 ipsi
1273 2647 1404 2682 milites
1425 2648 1488 2681 aut
1508 2646 1630 2689 aliqua

244 2705 414 2741 exercitus
436 2717 516 2751 pars
548 2706 790 2752 significatur,
822 2718 892 2743 nou
924 2709 1038 2751 potest
1065 2706 1143 2740 eius
1172 2705 1282 2752 partis
1310 2716 1438 2741 nomen
1469 2703 1629 2750 genitivo

246 2775 330 2800 cusu
352 2763 445 2801 addi.
490 2764 594 2800 Patet
616 2768 735 2800 autem
757 2765 794 2801 h.
821 2766 846 2800 l.
883 2776 951 2800 non
985 2764 1062 2810 ipsa
1092 2764 1192 2810 signa
1225 2767 1380 2806 mutum,
1412 2763 1471 2799 sed
1503 2761 1629 2796 milites
