1716 3210
217 234 280 276 66
555 227 603 274 Ο.
645 224 995 270 SALLUSTI
1033 225 1267 271 (ΞΒ-18131

217 346 426 409 pluribus
470 345 706 392 subvorsos
759 342 946 400 montis,
998 343 1141 390 maria
1195 351 1450 398 constructa
1501 362 1610 394 esse.

175 442 205 482 2
220 439 395 496 Quibus
415 435 533 483 mihi
564 434 774 481 videntur
802 435 1004 480 ludibrio
1038 436 1175 480 fuisse
1196 436 1410 492 divitiaea
1439 439 1612 499 quippe

216 546 329 591 quas
362 529 554 575 honeste
580 527 757 574 habere
789 527 978 584 licebat,
1012 528 1140 573 abuti
1170 543 1259 588 per
1290 529 1611 589 turpitudinem

216 678 379 723 paratas,
403 684 491 719 quas
513 674 559 708 ob
582 672 860 719 magnitudinem
882 673 998 708 maria
1022 674 1186 719 appellat.
1212 675 1267 710 Cf.
1292 675 1406 710 Varro
1429 675 1472 710 de
1495 676 1540 712 R.
1563 677 1610 711 R.

215 735 278 778 111,
298 734 357 769 17.
391 732 593 767 maritimae
620 731 777 776 piscinae
810 733 1041 777 aedificantur
1074 744 1217 778 magno.
1279 733 1439 768 Macrob.
1469 732 1611 768 Satura.

215 793 246 839 1,
275 792 334 835 11,
365 790 458 825 med.
489 790 642 835 piscinas
672 794 790 823 autem
823 801 929 836 quarn
960 793 1108 834 refertas
1140 789 1328 826 habuerint
1357 791 1612 835 pretiosissimis

211 851 366 897 piscibus
388 849 542 883 Romani
561 848 616 882 illi
637 847 838 883 nobilissimi
859 847 1037 892 Lucilius,
1072 848 1251 893 Philippus
1285 853 1320 883 et
1343 849 1550 883 Hortensius
1566 870 1611 874 —

217 909 328 944 etiam
357 907 447 942 illud
478 906 645 941 indicium
680 910 745 948 est,
769 909 836 940 etc.
868 906 940 941 Cic.
975 905 1104 941 Pax-ad.
1129 906 1172 948 V,
1199 906 1233 940 2.
1263 906 1358 942 med.
1391 907 1512 942 videat
1543 908 1612 941 ali-

215 978 319 1013 quem
340 984 385 991 —-
403 965 605 1000 barbatulos
641 964 765 998 mullos
805 967 1044 1007 exceptantem
1085 962 1129 1010 de
1163 964 1323 1008 piscina,
1363 975 1613 1000 muraenarum

216 1026 318 1071 copia
349 1024 573 1070 gloriantem,
613 1021 661 1056 cf.
693 1021 785 1056 Hor.
820 1021 938 1055 Carm.
966 1021 1020 1062 11,
1045 1019 1112 1063 15,
1145 1021 1224 1056 init.
1290 1023 1438 1058 Praeter
1476 1024 1558 1059 illos
1589 1034 1613 1058 a

215 1082 402 1119 Macrobio
440 1080 639 1116 nominatos
679 1078 856 1123 imprimis
897 1078 1089 1112 Lucullum
1125 1078 1326 1126 intelligere
1369 1081 1526 1123 videtur-3
1563 1082 1611 1116 ef.

214 1141 309 1178 Pliu.
333 1141 384 1176 Η.
414 1139 457 1175 Ν,
488 1139 550 1181 lx,
579 1135 639 1174 54.
680 1137 847 1172 Lucullus
893 1137 1001 1170 exciso
1035 1138 1152 1184 etiam¹
1185 1143 1301 1172 monte
1316 1156 1364 1164 ——-
1385 1139 1543 1184 euripum
1576 1144 1611 1173 et
1638 1158 1641 1163 ‹

215 1200 334 1235 maria
377 1197 530 1232 admisit.
597 1195 711 1230 Varro
767 1194 811 1228 de
842 1194 890 1227 R.
922 1193 967 1227 R.
994 1192 1058 1235 111,
1085 1194 1143 1230 17.
1189 1195 1354 1231 Lucullus
1383 1202 1611 1242 posteaquam

212 1257 423 1304 perfodisset
453 1258 624 1293 montem,
658 1263 701 1286 ac
743 1252 926 1286 maritima
951 1253 1106 1295 flumina
1148 1252 1344 1289 immisisset
1376 1256 1414 1289 in
1442 1242 1609 1300 piscinas.

213 1315 307 1351 Plin.
330 1315 378 1350 H.
401 1313 444 1348 N.
466 1310 630 1364 AXXXVI,
650 1307 710 1353 15.
735 1309 866 1352 Quodsi
889 1310 966 1355 quis
989 1311 1195 1356 diligentius
1218 1313 1414 1348 aestimarit
1438 1325 1610 1359 aquarum

215 1372 474 1408 abundantiam
506 1370 545 1404 in
565 1368 700 1413 publico
724 1368 879 1411 balneis,
909 1368 1073 1413 piscinis,
1108 1369 1286 1411 domibus,
1320 1371 1470 1415 euripis,
1500 1371 1611 1406 hortis

213 1430 441 1471 suburbanis,
483 1431 616 1462 montes
646 1428 839 1471 perfossos,
874 1428 1045 1460 convalles
1078 1432 1269 1471 aequatas,
1296 1429 1490 1472 fatebitur,
1521 1430 1611 1463 nihil

214 1489 334 1534 magis
356 1486 556 1521 mirandum
584 1484 700 1527 fuisse
730 1483 769 1517 in
790 1489 863 1519 toto
887 1488 1062 1519 terrarum
1092 1484 1186 1519 orbe.
1232 1485 1324 1522 Vell.
1339 1486 1385 1528 11,
1403 1485 1464 1529 33,
1481 1485 1517 1521 4.
1548 1486 1610 1521 ubi

213 1558 254 1581 v.
277 1545 467 1580 Ruhnken.
515 1542 680 1576 Ceterum
703 1540 844 1576 eortius
876 1551 1094 1586 magnopere
1126 1545 1238 1584 errat,
1270 1543 1381 1578 verbo
1403 1548 1610 1587 constructa,

213 1608 358 1650 praeter
399 1613 481 1637 eam
521 1599 751 1641 sententiam,
790 1609 896 1643 quam
931 1598 1036 1632 modo
1069 1599 1342 1643 explicavimus,
1371 1601 1410 1637 h.
1441 1601 1468 1636 l.
1503 1601 1610 1637 etiam

211 1659 411 1708 significari
433 1669 574 1693 censens
596 1655 758 1692 aedificia
791 1654 830 1688 in
852 1654 944 1688 mari
975 1655 1129 1691 molibus
1159 1657 1263 1691 iactis
1293 1660 1479 1692 exstructa.
1537 1658 1611 1692 Ex-

213 1719 438 1755 struebantur
471 1726 576 1756 sane;
623 1714 685 1748 sed
718 1716 793 1747 tam
835 1712 996 1747 diversae
1025 1724 1092 1748 res
1113 1716 1289 1758 nequeunt
1332 1725 1403 1748 uno
1437 1715 1611 1750 vocabulo

212 1773 485 1821 comprehendi,
520 1775 556 1806 et
585 1770 618 1806 si
639 1774 764 1805 auctor
785 1769 903 1804 maria
924 1769 962 1804 in
983 1770 1174 1806 continenti
1202 1775 1280 1806 arte
1301 1771 1399 1806 facta
1430 1770 1610 1818 intelligit,

212 1845 285 1868 non
315 1831 431 1878 potuit
460 1830 569 1865 simul
602 1828 763 1863 aedificia
795 1827 832 1862 in
865 1827 959 1862 mari
1000 1831 1178 1864 exstructa
1211 1828 1383 1874 cogitare.
1442 1830 1612 1866 Eiusdem

212 1891 352 1926 farinae
381 1891 434 1923 est
462 1886 592 1933 Langii
623 1885 814 1927 sententia,
847 1884 910 1929 qui
932 1890 1128 1921 constructa
1152 1891 1188 1922 et
1220 1891 1402 1922 constrata
1433 1898 1506 1923 esse
1526 1898 1611 1923 con·—
1651 1883 1654 1885 ’

213 1946 317 1994 iungi
338 1948 427 1981 vult.

307 2007 341 2048 §.
364 2004 400 2038 2.
447 2003 590 2038 honeste
614 2000 763 2046 habere]
788 1999 944 2045 nangius
974 2010 1043 2034 non
1071 2009 1286 2044 concoquere
1314 1999 1447 2046 potnit,
1468 2001 1609 2042 Roma-

213 2074 278 2099 nos
308 2073 331 2097 a
363 2060 535 2096 Sallustio
575 2060 714 2093 honeste
754 2058 900 2093 divitias
931 2058 1062 2092 habere
1091 2057 1182 2101 dici,
1219 2068 1308 2104 quas
1337 2070 1401 2104 per
1429 2070 1609 2095 summum

213 2122 328 2158 scelus
350 2119 455 2155 sociis
477 2117 680 2163 eripuerint.
735 2117 855 2160 Quare
878 2118 919 2150 ut
948 2115 1020 2150 loci
1042 2113 1212 2150 sententia
1241 2119 1436 2160 constaret,
1459 2118 1608 2153 coniecit

213 2189 299 2213 non
322 2178 402 2211 hon.
427 2176 509 2211 hab.
535 2187 604 2220 quo
626 2175 719 2210 nihil
739 2173 917 2209 infelicius
947 2171 1098 2218 cogitari
1119 2174 1245 2215 potest.
1300 2171 1379 2208 Non
1402 2174 1496 2209 enim
1517 2175 1608 2210 vidit
1677 2207 1686 2215 ,Δ
1704 2154 1710 2161 ὃ

212 2237 257 2270 V.
279 2237 345 2278 D„
377 2236 447 2269 hoc
476 2236 555 2269 loco
587 2244 657 2268 non
694 2232 756 2278 agi
787 2233 830 2267 de
871 2229 1112 2275 comparandis
1144 2229 1297 2272 divitiis,
1327 2232 1389 2266 sed
1419 2233 1462 2266 de
1485 2244 1606 2268 earnm

212 2304 303 2335 usu,
342 2292 379 2326 id
408 2292 501 2336 quod
533 2291 658 2325 docent
686 2294 889 2336 antegressa
927 2289 1049 2334 quibus
1086 2286 1174 2320 mihi
1203 2287 1367 2323 videntur
1406 2290 1606 2325 ludibrio

206 2350 366 2395 fuisse
389 2349 547 2383 divitiae.
592 2349 751 2383 Honeste
778 2347 887 2381 habet
909 2344 1074 2387 divitias,
1104 2343 1167 2389 qui
1196 2345 1234 2378 in
1264 2355 1320 2380 res
1342 2347 1508 2383 honestas
1535 2346 1607 2382 im-

212 2408 350 2454 pendit,
380 2407 475 2451 quod
495 2407 613 2441 facere
643 2408 755 2451 potest
784 2404 892 2439 etiam
914 2403 965 2444 is,
997 2402 1059 2446 qui
1088 2401 1216 2437 iniuste
1239 2406 1292 2438 est
1323 2404 1480 2448 adeptus.
1534 2404 1607 2442 Sed

210 2465 366 2500 Romani
388 2464 485 2498 male
507 2467 625 2508 partas
647 2474 731 2508 opes
754 2461 847 2496 male
867 2460 976 2495 etiam
997 2460 1175 2502 locabant,
1193 2472 1302 2505 quum
1319 2465 1437 2497 tamen
1459 2461 1606 2496 honeste

209 2521 255 2557 iis
265 2522 317 2557 uti
325 2521 490 2556 licuisset.
501 2541 545 2546 —
563 2521 673 2555 Abuti
688 2520 739 2554 ita
753 2517 972 2553 referendum
991 2517 1036 2551 ad
1057 2530 1157 2563 quas,
1174 2523 1214 2553 ut
1235 2520 1278 2553 iis
1293 2518 1374 2552 inde
1389 2518 1605 2562 suppleatur.

209 2580 469 2625 Saepenumero
486 2578 591 2620 enim,
608 2578 639 2612 si
661 2577 731 2611 duo
752 2575 862 2610 verba
880 2574 1040 2608 diversae
1063 2575 1330 2619 constructionis
1350 2574 1504 2614 cuidem
1519 2564 1604 2611 suls-

210 2637 340 2674 iactum
379 2637 600 2677 referuntur,
638 2643 830 2679 pronomen
866 2632 1201 2674 demonstrativum,
1241 2632 1415 2678 imprimis
1451 2631 1606 2669 relativo

209 2705 442 2743 praegresso,
472 2693 519 2728 ad
541 2692 691 2727 verbum
722 2689 895 2736 posterius
917 2701 986 2724 non
1009 2688 1132 2724 eodem
1157 2700 1242 2725 casu
1271 2690 1503 2736 supplendum
1534 2693 1601 2736 est,

208 2765 280 2799 qno
310 2751 571 2790 substantivum
611 2748 672 2784 vel
709 2758 882 2792 ponomen
917 2746 1071 2792 positum
1101 2747 1185 2785 fuit.
1238 2748 1293 2786 ef.
1325 2748 1397 2784 Cic.
1429 2747 1520 2793 Epp.
1554 2747 1602 2784 ad
