1716 3210
168 241 227 270 ιιι
585 222 1147 270 PRAEFATIO.

168 343 359 391 difficile
394 344 472 399 sit,
518 343 652 388 etiam
686 342 782 387 ubi
801 342 876 387 vel
909 343 1106 387 maxime
1139 343 1370 402 attendas,
1413 343 1566 390 omnia

169 424 232 468 ad
268 424 463 468 eandem
496 437 703 467 normam
739 423 1038 468 conformare.
1073 421 1282 468 Eandem
1316 425 1448 470 nobis
1483 439 1566 470 ex-

169 507 448 550 cusationem
483 518 599 563 opus
632 503 831 548 futuram
868 500 964 549 esse
998 501 1204 548 videmus
1236 504 1284 548 iu
1318 505 1565 558 verborum

169 584 395 631 scribendi
437 583 638 638 ratione,
682 598 959 643 quamquam
1011 583 1280 630 confidimus
1334 584 1567 644 aliquanto

168 663 526 723 aequabiliorem
560 678 660 709 eam
700 679 783 708 nos
818 664 1046 721 effecisse,
1087 679 1226 723 quam
1258 665 1306 710 in
1338 665 1568 731 prioribus

169 744 438 789 editionibus
473 744 646 790 factum
682 751 789 790 erat.
859 746 912 790 In
949 760 1006 790 ea
1048 751 1202 790 autem
1246 759 1298 790 re
1344 746 1448 791 satis
1493 746 1567 791 lu-

168 825 322 881 brica,
367 817 492 871 cuius
540 831 663 872 certa
706 825 822 870 ratio
867 841 925 870 ne
958 827 1007 870 in
1051 823 1200 886 patrio
1248 825 1436 884 quidem
1469 841 1565 872 ser-

168 919 305 950 mone
339 910 539 961 constet,
571 906 636 951 ita
669 907 831 952 versati
864 922 1040 965 sumuS,
1074 911 1128 951 ut
1161 903 1566 967 antiquissimorum

169 1002 224 1032 ac
291 985 709 1045 probatissimorum
773 986 961 1046 quidem
1025 985 1238 1032 codicum
1303 987 1567 1033 auctoritate

166 1066 658 1127 grammaticorumque
680 1069 935 1128 praeceptis
963 1067 1159 1112 maxime
1187 1067 1446 1127 niteremur,
1475 1083 1560 1113 ne-

154 1162 262 1205 -que
296 1153 449 1190 tamen
483 1147 612 1192 anxie
647 1148 860 1194 codicum
904 1163 1170 1195 consensum
1206 1149 1379 1208 ubique
1409 1148 1567 1207 requi-

167 1242 381 1272 reremus·
470 1227 576 1283 Qua
628 1230 753 1274 enim
808 1229 1033 1275 scribendi
1085 1229 1260 1274 ratione
1301 1229 1567 1274 Sallustium

167 1324 298 1354 usum
355 1323 450 1353 esse
505 1315 652 1366 certa,
706 1310 812 1355 licet
856 1325 1031 1369 pauca,
1087 1315 1290 1355 veterum
1343 1309 1567 1354 librorum

166 1389 356 1450 vestigia
396 1390 704 1447 ostenderent,
761 1390 953 1435 eandem
1008 1391 1179 1450 ubique
1221 1389 1564 1450 exprimendam

167 1470 400 1524 duximus,
447 1471 584 1514 etiam
626 1471 706 1516 ubi
748 1471 932 1517 codices
976 1486 1069 1516 non
1103 1472 1376 1517 assentirent.
1445 1469 1567 1515 Nam

167 1566 310 1610 quum
362 1550 533 1595 librarii
585 1551 677 1598 iam
733 1557 910 1598 mature
963 1552 1236 1611 antiquitatis
1287 1550 1495 1597 colorem
1538 1564 1569 1594 a

167 1631 383 1677 Sallustio
418 1632 668 1689 quaesitum
713 1632 936 1688 delerent,
980 1633 1043 1676 ita
1083 1638 1136 1677 ut
1168 1627 1306 1692 quae*
1327 1635 1567 1690 supersunt

168 1713 378 1771 antiquae
412 1712 589 1757 formae
632 1713 780 1772 magis
827 1713 949 1757 casui
983 1727 1122 1771 quam
1167 1711 1416 1758 scribarum
1458 1708 1565 1754 dili-

167 1795 353 1854 gentiae
411 1792 570 1837 deberi
613 1792 875 1848 videantur,
931 1807 1018 1852 per
1071 1806 1123 1838 se
1166 1797 1296 1853 patet
1340 1790 1566 1837 scribendi

165 1874 338 1919 nullam
373 1873 668 1919 constantiam
711 1873 759 1916 in
793 1872 932 1919 codd.
969 1871 1258 1933 deprehendi
1291 1882 1455 1938 posse,
1490 1875 1565 1916 at-

167 1970 257 2015 que
303 1954 467 2000 editori
512 1970 604 1999 non
647 1960 743 1999 tam
785 1954 836 1999 id
881 1955 939 1999 in.
982 1968 1078 2013 quo
1122 1950 1228 1999 libri
1271 1952 1565 2011 consentiant,

166 2052 306 2096 quam
340 2035 453 2095 quid
496 2041 621 2080 recta
654 2035 771 2078 ratio
805 2033 992 2079 suadeat
1033 2049 1089 2080 ac
1122 2035 1321 2109 postulet
1353 2038 1567 2094 spectau-

167 2117 279 2162 dum
315 2133 424 2162 esse.
505 2115 733 2172 Quocirca
768 2114 1071 2160 accusativum
1114 2116 1234 2176 plur.
1275 2127 1432 2160 earum
1476 2127 1564 2157 vo-

168 2213 287 2254 cum,
322 2212 514 2257 quarum
548 2195 771 2256 genitivus
803 2196 851 2239 in
885 2196 983 2240 ium
1016 2196 1291 2252 terminatur,
1318 2194 1488 2253 ubique
1522 2193 1566 2238 2⁸8

167 2279 446 2338 scripsimus,
483 2292 624 2336 quum
660 2282 783 2321 certa
816 2276 889 2321 via
922 2276 1191 2321 intellexisse
1224 2275 1484 2321 videremur
1516 2275 1565 2319 in

169 2375 220 2405 es
264 2360 461 2404 formam
507 2374 535 2402 a
577 2358 733 2404 scribis
776 2358 1022 2412 invectam,
1066 2371 1160 2401 non
1201 2355 1407 2402 Sallustii
1453 2370 1566 2411 esse,

141 2440 425 2498 ‘eademque
460 2454 617 2484 caussa
652 2439 760 2495 fuit,
805 2454 887 2485 cur
926 2437 1178 2499 genitivum
1212 2436 1441 2484 secundae
1476 2422 1564 2480 dess-

169 2521 272 2567 elin.
309 2521 584 2581 singularem
631 2536 790 2565 eorum
823 2520 1082 2578 nomInum,
1127 2533 1323 2578 quorum
1356 2516 1564 2562 nomina-

168 2602 283 2646 tivus
317 2602 361 2650 in
405 2602 481 2646 ius
523 2601 598 2645 vel
631 2602 728 2645 ium
775 2601 888 2657 exit,
934 2616 1028 2646 non
1069 2600 1246 2660 duplici
1277 2599 1296 2644 i
1330 2595 1564 2656 scripseri-

170 2697 283 2737 mus,
317 2681 446 2726 haud
480 2682 636 2742 paucis
670 2683 888 2742 exemplis
923 2680 1260 2727 ostendentibus
1297 2675 1563 2723 Sallustium

152 2763 376 2809 'breviore
440 2763 691 2823 eademque
744 2763 993 2821 antiquIOre
1062 2761 1212 2806 forma
1271 2764 1399 2804 usum
1436 2769 1564 2802 'esse⁸
