1716 3210
271 235 329 278 34
881 229 1053 271 INDEX

274 345 468 381 Ferentarii
489 342 551 388 qni
572 343 715 386 fuerint,
738 342 776 377 C.
801 339 861 384 60,
881 340 919 375 2.

273 406 384 438 Ferox
408 401 435 436 i.
456 413 491 446 q.
516 400 618 436 fortis
642 403 678 435 et
700 403 872 441 strenuus,
895 398 937 433 C.
960 397 1018 443 11,
1033 396 1069 433 5.
1113 397 1173 441 61,
1194 399 1230 436 4.

274 463 378 495 Ferre
401 460 555 505 aliquam
576 471 649 493 rem
672 458 696 493 ἱ.
711 470 744 502 q.
769 456 992 492 coniunctum
1018 451 1093 491 esse
1115 467 1195 491 eum
1217 456 1338 502 aliqua
1360 468 1411 502 re,
1433 459 1473 495 C.
1498 459 1556 505 21,
1571 459 1607 494 2.

273 519 374 552 Ferri
395 516 516 560 aliqua
538 527 578 550 re
599 516 625 550 i.
649 527 683 560 q.
706 514 834 559 abripi,
858 514 898 549 C.
921 512 957 555 3,
980 514 1015 548 2.

274 577 416 610 Ferrum
439 585 509 608 non
530 584 593 618 pro
614 574 701 607 bello
725 573 869 613 dictum,
892 570 921 605 1.
946 570 1002 613 14,
1025 569 1062 605 9.

274 634 394 675 Ferus,
420 631 481 676 qui
503 632 548 666 ab
572 630 800 665 humanitatis
826 629 924 662 cultu
949 629 1084 663 alienus
1106 632 1171 673 est,
1194 629 1223 663 1.
1246 628 1304 672 80,
1320 629 1355 664 1.

274 691 396 724 Fessus
419 693 454 724 et
477 690 588 724 lassus
612 688 787 733 quomodo
809 686 986 730 differant,
1012 686 1041 719 1.
1064 685 1123 731 53,
1139 688 1174 722 5.

274 748 401 782 Festae
421 757 477 781 res
498 745 606 782 etiam
627 746 670 780 de
692 745 765 780 otio
787 748 822 779 et
845 743 1032 779 securitate
1054 744 1225 790 dicuntur,
1248 745 1276 780 1.
1297 744 1355 787 80,
1378 743 1412 779 5.

274 806 456 841 Festinare
479 805 632 850 aliquam
653 815 736 845 rem,
759 804 787 838 Ι.
810 801 869 845 37,
884 801 921 838 4.

274 863 457 898 Festinare
478 862 636 897 absolute
658 861 791 896 dictum
812 860 838 897 i.
860 872 895 904 q.
920 870 1003 894 cum
1024 859 1139 896 studio
1161 870 1280 905 agere,
1305 859 1332 894 1.
1354 857 1414 903 66,
1430 857 1465 895 l.

275 921 379 955 Fides
399 920 538 964 publica
562 918 645 964 quid
660 918 717 961 sit,
740 920 781 954 C.
804 916 863 961 47,
888 917 922 951 1.

275 979 380 1013 Fides
402 982 439 1012 et
461 988 516 1012 res
538 976 606 1012 sibi
631 977 803 1021 opposita,
825 976 854 1010 Ι.
875 974 935 1017 73,
957 973 992 1009 6.

276 1037 398 1070 Fidem
421 1036 507 1069 dare
527 1040 563 1070 et
586 1034 743 1079 accipere
766 1034 857 1068 unde
878 1032 1010 1068 dictum
1033 1031 1089 1074 sit,
1112 1031 1141 1066 1.
1165 1032 1222 1075 81,
1246 1032 1280 1067 1.

275 1094 370 1128 Fieri
391 1093 620 1138 magistratus
642 1092 802 1142 dicuntur
823 1089 884 1135 qui
907 1090 1145 1135 designantur,
1167 1091 1195 1126 1.
1222 1089 1281 1133 82,
1302 1089 1338 1128 2.

274 1152 392 1186 Fieret
414 1150 598 1184 confusum
621 1159 702 1183 cum
717 1150 828 1191 foret,
851 1149 878 1184 Ι.
901 1147 960 1192 83,
976 1148 1013 1182 2.

276 1208 335 1242 Fit
358 1206 491 1251 aliquid
516 1206 621 1241 alicui
643 1209 679 1240 et
701 1206 830 1251 aliquo,
855 1205 895 1241 C.
918 1203 977 1246 52,
999 1203 1058 1238 25.

275 1265 336 1312 Fit
359 1270 399 1299 ut
432 1263 577 1298 inservit
604 1262 918 1298 circumscribendo
947 1262 982 1297 ei
1011 1261 1143 1304 verbo,
1177 1261 1270 1305 quod
1299 1271 1342 1295 ex
1370 1266 1411 1296 ut
1440 1260 1583 1305 pendet,
1616 1261 1656 1295 G.

366 1320 426 1362 52,
449 1320 507 1354 22.

277 1379 414 1414 Firmus
436 1377 461 1412 i.
483 1389 519 1421 q.
541 1376 743 1421 intrepidus,
763 1377 878 1421 fortis,
901 1377 931 1412 1.
954 1376 1013 1420 28,
1028 1376 1065 1412 5.

276 1437 422 1471 Flaccus
445 1436 507 1480 (L.
535 1435 682 1479 ναῖεν),
706 1435 746 1469 C.
769 1434 828 1478 45,
852 1435 889 1469 1.

277 1493 473 1540 Flagitium
495 1492 520 1528 i.
544 1503 578 1536 q.
601 1492 711 1526 homo
734 1491 944 1538 flagitiosuS,
967 1490 1007 1524 C.
1027 1489 1086 1532 14,
1109 1490 1142 1525 1.

278 1548 474 1595 Flagitium
497 1549 672 1592 quomodo
694 1548 836 1585 differat
859 1560 883 1585 u
897 1549 1074 1594 facinore,
1097 1548 1136 1583 C.
1162 1546 1219 1592 14,
1242 1547 1276 1583 1.

277 1607 470 1642 Flaminius
495 1607 586 1652 (0.),
609 1605 651 1640 C.
674 1605 734 1649 36,
756 1607 790 1642 1.

277 1665 392 1699 Fluxa
405 1665 513 1709 fides,
540 1665 567 1699 1.
593 1664 674 1706 111,
696 1664 732 1700 2.

278 1723 363 1757 Foci
386 1733 466 1756 eum
490 1722 562 1756 aris
584 1721 690 1756 simul
712 1721 899 1758 memorati
920 1721 1004 1767 quid
1026 1720 1236 1768 significent,
1260 1722 1300 1758 C.
1322 1721 1381 1767 52,
1403 1721 1442 1757 3.

277 1780 412 1814 Foedus
427 1781 563 1823 facere,
586 1778 616 1812 Ι.
639 1777 698 1822 38,
720 1778 756 1814 9.

278 1837 414 1871 Foedus
435 1841 471 1871 et
493 1836 649 1870 amicitia
674 1846 743 1880 quo
765 1848 870 1872 sensu
891 1836 1103 1872 coniunctim
1125 1837 1294 1879 dicantur,
1319 1839 1344 1873 Ι.
1369 1837 1427 1880 80,
1450 1837 1485 1872 4.

277 1895 368 1930 Fore
389 1904 470 1928 cum
491 1893 679 1939 participio
700 1895 787 1940 perf.
811 1895 943 1940 passivi
971 1905 1041 1930 non
1072 1898 1127 1930 est
1154 1907 1220 1940 pro
1250 1895 1427 1931 infinitivo
1446 1894 1556 1931 futuri
1578 1906 1661 1940 pas·

371 1950 453 1996 sivi,
479 1951 508 1986 l.
531 1950 590 1995 88,
604 1949 641 1986 4.

279 2010 380 2045 Foris
402 2012 438 2044 et
460 2009 555 2044 domi
562 2009 751 2053 .quomodo
771 2010 841 2046 sibi
863 2012 1102 2056 opponuntur,
1123 2010 1153 2046 1.
1175 2009 1235 2054 85,
1255 2010 1291 2046 3.

279 2068 443 2103 Formido
465 2066 562 2102 vocis
586 2066 638 2102 vis
659 2069 815 2114 propria,
837 2071 866 2104 I.
890 2069 950 2112 72,
972 2070 1008 2104 2.

279 2126 443 2161 Formido
465 2124 659 2159 subiectiva
680 2130 848 2175 potestate
870 2128 1014 2170 dietum,
1035 2127 1064 2162 1.
1086 2124 1147 2170 99,
1168 2123 1205 2160 3.

279 2184 444 2218 Formido
466 2182 491 2216 i.
514 2193 549 2227 q.
571 2193 627 2218 res
649 2183 892 2228 formidolosa,
913 2186 941 2221 Ι.
962 2185 1026 2228 23,
1044 2185 1081 2220 1.

279 2240 538 2276 Formidolosus
558 2240 677 2277 activa
699 2245 734 2277 et
754 2242 895 2287 passiva
915 2240 963 2286 vi,
987 2243 1028 2278 0.
1050 2241 1086 2287 7,
1101 2240 1137 2276 6.

282 2298 447 2332 Famula
469 2297 618 2332 solennis
638 2298 781 2343 quando
795 2299 927 2335 mutari
947 2300 1069 2345 possit,
1093 2301 1123 2335 1.
1144 2297 1201 2343 4⁰,
1219 2297 1255 2334 8.

282 2355 401 2390 Fortis
422 2366 490 2390 uon
512 2355 615 2390 unice
637 2357 680 2391 de
701 2357 829 2393 bellica
849 2357 979 2393 virtute
1001 2358 1147 2403 dietum,
1169 2358 1209 2392 G.
1233 2354 1292 2398 45,
1315 2355 1349 2391 2.

283 2413 441 2448 Fortuna
467 2411 492 2446 i.
515 2424 548 2456 q.
571 2413 732 2449 condicio
748 2414 910 2458 alieuius,
930 2415 960 2451 1.
981 2414 1039 2459 64,
1063 2416 1098 2450 2.
1143 2413 1202 2458 85,
1224 2414 1282 2450 14.

284 2471 441 2505 Fortuna
464 2471 637 2514 quomodo
658 2470 800 2507 differat
821 2484 843 2508 u
860 2474 1050 2517 felicitate,
1070 2474 1100 2508 1.
1121 2471 1180 2515 95,
1202 2473 1238 2508 4.

284 2529 463 2563 Fortunae
485 2528 614 2573 plurali
633 2540 778 2565 numero
793 2530 888 2566 idem
909 2532 1004 2567 valet
1025 2534 1130 2576 utque
1143 2534 1309 2577 fortuna,
1330 2531 1362 2567 1.
1383 2530 1443 2577 13,
1454 2529 1490 2565 3.

286 2586 394 2620 Fossa
415 2587 460 2620 ab
483 2585 720 2623 obsidentibus
739 2588 846 2632 facta,
868 2590 896 2624 Ι.
919 2589 977 2633 23,
998 2589 1032 2626 1.

257 2639 261 2643 ’
286 2643 420 2677 Frau8=
439 2644 512 2678 sine
539 2646 687 2688 fraude,
709 2646 749 2680 G.
771 2644 832 2690 36,
853 2645 888 2682 2.

286 2701 457 2746 Frequens
478 2699 656 2753 diversum
678 2713 702 2737 a
723 2705 850 2748 creber,
875 2705 903 2740 Ι.
924 2704 984 2748 45,
1005 2705 1041 2741 2.

288 2757 458 2801 Frequens
481 2757 582 2802 regio
605 2759 630 2794 i.
652 2772 688 2804 q.
710 2761 805 2795 culta
828 2766 862 2796 et
883 2763 1056 2804 habitata,
1082 2762 1109 2797 1.
1132 2762 1192 2805 78,
1211 2762 1247 2797 4.

287 2815 522 2861 Frequentare
544 2817 692 2863 aliquem
714 2818 857 2854 honoris
879 2831 1016 2863 caussa,
1038 2822 1066 2855 Ι.
1088 2819 1147 2863 73,
1162 2820 1198 2856 6.
