<?xml version="1.0" encoding="UTF-8"?>
<!DOCTYPE html PUBLIC "-//W3C//DTD XHTML 1.0 Transitional//EN"
    "http://www.w3.org/TR/xhtml1/DTD/xhtml1-transitional.dtd">
<html xmlns="http://www.w3.org/1999/xhtml" xml:lang="en" lang="en">
 <head>
  <title>
</title>
<meta http-equiv="Content-Type" content="text/html;charset=utf-8" />
  <meta name='ocr-system' content='tesseract 3.04.00' />
  <meta name='ocr-capabilities' content='ocr_page ocr_carea ocr_par ocr_line ocrx_word'/>
</head>
<body>
  <div class='ocr_page' id='page_1' title='image "./operaquaesupersu01salluoft_0363.png"; bbox 0 0 1716 3210; ppageno 0'>
   <div class='ocr_carea' id='block_1_1' title="bbox 276 634 1084 852">
    <p class='ocr_par' dir='ltr' id='par_1_1' title="bbox 276 634 1084 852">
     <span class='ocr_line' id='line_1_1' title="bbox 276 634 1084 722; baseline 0.004 -5"><span class='ocrx_word' id='word_1_1' title='bbox 276 634 1084 722; x_wconf 50' lang='lat' dir='ltr'>‘LECTORIBUS</span> 
     </span>
     <span class='ocr_line' id='line_1_2' title="bbox 716 817 758 852; baseline 0 0"><span class='ocrx_word' id='word_1_2' title='bbox 716 817 758 852; x_wconf 87' lang='lat' dir='ltr'><strong>S.</strong></span> 
     </span>
    </p>
   </div>
   <div class='ocr_carea' id='block_1_2' title="bbox 189 943 1263 996">
    <p class='ocr_par' dir='ltr' id='par_1_2' title="bbox 189 943 1263 996">
     <span class='ocr_line' id='line_1_3' title="bbox 189 943 1263 996; baseline 0.006 -6"><span class='ocrx_word' id='word_1_3' title='bbox 189 943 739 994; x_wconf 81' lang='lat' dir='ltr'>FRIDEBICUS</span> <span class='ocrx_word' id='word_1_4' title='bbox 809 945 1263 996; x_wconf 86' lang='lat' dir='ltr'><strong>KRITZIUS.</strong></span> 
     </span>
    </p>
   </div>
   <div class='ocr_carea' id='block_1_3' title="bbox 587 1109 870 1117">
    <p class='ocr_par' dir='ltr' id='par_1_3' title="bbox 587 1109 870 1117">
     <span class='ocr_line' id='line_1_4' title="bbox 587 1109 870 1117; baseline 0 2093"><span class='ocrx_word' id='word_1_5' title='bbox 587 1109 870 1117; x_wconf 95' lang='lat' dir='ltr'><strong> </strong></span> 
     </span>
    </p>
   </div>
   <div class='ocr_carea' id='block_1_4' title="bbox 39 1211 1419 1831">
    <p class='ocr_par' dir='ltr' id='par_1_4' title="bbox 39 1211 1419 1831">
     <span class='ocr_line' id='line_1_5' title="bbox 43 1211 1417 1320; baseline 0.001 -20"><span class='ocrx_word' id='word_1_6' title='bbox 43 1211 220 1320; x_wconf 65' lang='lat' dir='ltr'><strong>Quod</strong></span> <span class='ocrx_word' id='word_1_7' title='bbox 250 1252 299 1297; x_wconf 88' lang='lat' dir='ltr'><strong>in</strong></span> <span class='ocrx_word' id='word_1_8' title='bbox 329 1253 608 1313; x_wconf 81' lang='lat' dir='ltr'><strong>praefatione</strong></span> <span class='ocrx_word' id='word_1_9' title='bbox 648 1254 879 1300; x_wconf 78' lang='lat' dir='ltr'><strong>voluminis</strong></span> <span class='ocrx_word' id='word_1_10' title='bbox 907 1237 1097 1315; x_wconf 82' lang='lat' dir='ltr'><strong>operum</strong></span> <span class='ocrx_word' id='word_1_11' title='bbox 1125 1254 1417 1302; x_wconf 84' lang='lat' dir='ltr'><strong>Sallustiano-</strong></span> 
     </span>
     <span class='ocr_line' id='line_1_6' title="bbox 41 1328 1418 1424; baseline 0.001 -22"><span class='ocrx_word' id='word_1_12' title='bbox 41 1371 143 1402; x_wconf 85' lang='lat' dir='ltr'><strong>rum</strong></span> <span class='ocrx_word' id='word_1_13' title='bbox 175 1354 362 1407; x_wconf 83' lang='lat' dir='ltr'><strong>secundi</strong></span> <span class='ocrx_word' id='word_1_14' title='bbox 393 1362 495 1402; x_wconf 86' lang='lat' dir='ltr'><strong>ante</strong></span> <span class='ocrx_word' id='word_1_15' title='bbox 527 1371 698 1424; x_wconf 81' lang='lat' dir='ltr'><strong>paueos</strong></span> <span class='ocrx_word' id='word_1_16' title='bbox 732 1328 907 1402; x_wconf 66' lang='lat' dir='ltr'><strong>nienses</strong></span> <span class='ocrx_word' id='word_1_17' title='bbox 941 1357 1048 1402; x_wconf 87' lang='lat' dir='ltr'><strong>editi</strong></span> <span class='ocrx_word' id='word_1_18' title='bbox 1080 1357 1418 1416; x_wconf 86' lang='lat' dir='ltr'><strong>quodammodo</strong></span> 
     </span>
     <span class='ocr_line' id='line_1_7' title="bbox 41 1459 1419 1520; baseline 0 -16"><span class='ocrx_word' id='word_1_19' title='bbox 41 1463 284 1520; x_wconf 81' lang='lat' dir='ltr'><strong>auguratus</strong></span> <span class='ocrx_word' id='word_1_20' title='bbox 317 1473 464 1514; x_wconf 80' lang='lat' dir='ltr'><strong>eram,</strong></span> <span class='ocrx_word' id='word_1_21' title='bbox 497 1459 660 1510; x_wconf 83' lang='lat' dir='ltr'><strong>multos</strong></span> <span class='ocrx_word' id='word_1_22' title='bbox 689 1459 789 1504; x_wconf 86' lang='lat' dir='ltr'><strong>fore</strong></span> <span class='ocrx_word' id='word_1_23' title='bbox 823 1460 899 1518; x_wconf 85' lang='lat' dir='ltr'><strong>qui</strong></span> <span class='ocrx_word' id='word_1_24' title='bbox 932 1474 1071 1520; x_wconf 86' lang='lat' dir='ltr'><strong>aegre</strong></span> <span class='ocrx_word' id='word_1_25' title='bbox 1105 1460 1274 1509; x_wconf 86' lang='lat' dir='ltr'><strong>ferrent</strong></span> <span class='ocrx_word' id='word_1_26' title='bbox 1299 1459 1419 1513; x_wconf 83' lang='lat' dir='ltr'><strong>istud</strong></span> 
     </span>
     <span class='ocr_line' id='line_1_8' title="bbox 40 1541 1419 1630; baseline 0 -23"><span class='ocrx_word' id='word_1_27' title='bbox 40 1547 252 1612; x_wconf 69' lang='lat' dir='ltr'><strong>voluuien</strong></span> <span class='ocrx_word' id='word_1_28' title='bbox 287 1560 380 1611; x_wconf 77' lang='lat' dir='ltr'><strong>sine</strong></span> <span class='ocrx_word' id='word_1_29' title='bbox 397 1541 399 1543; x_wconf 12' lang='grc' dir='ltr'><strong><em>ι</em></strong></span> <span class='ocrx_word' id='word_1_30' title='bbox 416 1557 568 1608; x_wconf 75' lang='lat' dir='ltr'><strong>Indice</strong></span> <span class='ocrx_word' id='word_1_31' title='bbox 610 1561 657 1606; x_wconf 89' lang='lat' dir='ltr'><strong>in</strong></span> <span class='ocrx_word' id='word_1_32' title='bbox 692 1562 925 1627; x_wconf 82' lang='lat' dir='ltr'><strong>publicum</strong></span> <span class='ocrx_word' id='word_1_33' title='bbox 961 1548 1170 1607; x_wconf 76' lang='lat' dir='ltr'><strong>emissum</strong></span> <span class='ocrx_word' id='word_1_34' title='bbox 1208 1578 1306 1607; x_wconf 85' lang='lat' dir='ltr'><strong>esse</strong></span> <span class='ocrx_word' id='word_1_35' title='bbox 1314 1599 1334 1630; x_wconf 70' lang='lat'><strong>,³</strong></span> <span class='ocrx_word' id='word_1_36' title='bbox 1368 1561 1419 1607; x_wconf 88' lang='lat' dir='ltr'><strong>id</strong></span> 
     </span>
     <span class='ocr_line' id='line_1_9' title="bbox 39 1662 1418 1725; baseline 0.001 -17"><span class='ocrx_word' id='word_1_37' title='bbox 39 1678 147 1709; x_wconf 76' lang='lat' dir='ltr'><strong>vere</strong></span> <span class='ocrx_word' id='word_1_38' title='bbox 184 1677 259 1707; x_wconf 87' lang='lat' dir='ltr'><strong>me</strong></span> <span class='ocrx_word' id='word_1_39' title='bbox 289 1662 542 1714; x_wconf 71' lang='lat' dir='ltr'><strong>coniecisse</strong></span> <span class='ocrx_word' id='word_1_40' title='bbox 581 1669 762 1717; x_wconf 85' lang='lat' dir='ltr'><strong>eventus</strong></span> <span class='ocrx_word' id='word_1_41' title='bbox 790 1664 1113 1725; x_wconf 79' lang='lat' dir='ltr'>comprobavit.</span> <span class='ocrx_word' id='word_1_42' title='bbox 1181 1664 1269 1710; x_wconf 83' lang='lat' dir='ltr'><strong>vix</strong></span> <span class='ocrx_word' id='word_1_43' title='bbox 1298 1664 1418 1712; x_wconf 81' lang='lat' dir='ltr'><strong>enim</strong></span> 
     </span>
     <span class='ocr_line' id='line_1_10' title="bbox 41 1764 1415 1831; baseline 0.004 -24"><span class='ocrx_word' id='word_1_44' title='bbox 41 1765 190 1824; x_wconf 65' lang='lat' dir='ltr'><strong>aliqua</strong></span> <span class='ocrx_word' id='word_1_45' title='bbox 216 1764 527 1831; x_wconf 82' lang='lat' dir='ltr'><strong>exemplorum</strong></span> <span class='ocrx_word' id='word_1_46' title='bbox 553 1771 683 1824; x_wconf 85' lang='lat' dir='ltr'><strong>parte</strong></span> <span class='ocrx_word' id='word_1_47' title='bbox 714 1766 893 1816; x_wconf 79' lang='lat' dir='ltr'><strong>vendita</strong></span> <span class='ocrx_word' id='word_1_48' title='bbox 933 1766 1006 1810; x_wconf 85' lang='lat' dir='ltr'><strong>alii</strong></span> <span class='ocrx_word' id='word_1_49' title='bbox 1047 1766 1321 1827; x_wconf 84' lang='lat' dir='ltr'><strong>bibliopolae</strong></span> <span class='ocrx_word' id='word_1_50' title='bbox 1353 1765 1415 1815; x_wconf 81' lang='lat' dir='ltr'><strong>si-</strong></span> 
     </span>
    </p>
   </div>
   <div class='ocr_carea' id='block_1_5' title="bbox 39 1867 1414 1929">
    <p class='ocr_par' dir='ltr' id='par_1_5' title="bbox 39 1867 1414 1929">
     <span class='ocr_line' id='line_1_11' title="bbox 39 1867 1414 1929; baseline 0 -17"><span class='ocrx_word' id='word_1_51' title='bbox 39 1867 308 1928; x_wconf 80' lang='lat' dir='ltr'><strong>gnificarunt</strong></span> <span class='ocrx_word' id='word_1_52' title='bbox 336 1867 454 1913; x_wconf 85' lang='lat' dir='ltr'><strong>male</strong></span> <span class='ocrx_word' id='word_1_53' title='bbox 477 1873 625 1919; x_wconf 86' lang='lat' dir='ltr'><strong>actum</strong></span> <span class='ocrx_word' id='word_1_54' title='bbox 654 1883 763 1926; x_wconf 83' lang='lat' dir='ltr'><strong>esse,</strong></span> <span class='ocrx_word' id='word_1_55' title='bbox 799 1870 923 1929; x_wconf 88' lang='lat' dir='ltr'><strong>quod</strong></span> <span class='ocrx_word' id='word_1_56' title='bbox 956 1869 1071 1914; x_wconf 89' lang='lat' dir='ltr'><strong>haec</strong></span> <span class='ocrx_word' id='word_1_57' title='bbox 1092 1868 1288 1914; x_wconf 78' lang='lat' dir='ltr'>Sallustii</span> <span class='ocrx_word' id='word_1_58' title='bbox 1314 1868 1414 1913; x_wconf 84' lang='lat' dir='ltr'><strong>edi-</strong></span> 
     </span>
    </p>
   </div>
   <div class='ocr_carea' id='block_1_6' title="bbox 39 1969 1510 2029">
    <p class='ocr_par' dir='ltr' id='par_1_6' title="bbox 39 1969 1510 2029">
     <span class='ocr_line' id='line_1_12' title="bbox 39 1969 1510 2029; baseline 0.001 -16"><span class='ocrx_word' id='word_1_59' title='bbox 39 1969 103 2015; x_wconf 83' lang='lat' dir='ltr'><strong>tio</strong></span> <span class='ocrx_word' id='word_1_60' title='bbox 133 1983 188 2013; x_wconf 89' lang='lat' dir='ltr'><strong>ea</strong></span> <span class='ocrx_word' id='word_1_61' title='bbox 227 1974 356 2029; x_wconf 84' lang='lat' dir='ltr'><strong>parte</strong></span> <span class='ocrx_word' id='word_1_62' title='bbox 385 1974 578 2024; x_wconf 81' lang='lat' dir='ltr'>careret,</span> <span class='ocrx_word' id='word_1_63' title='bbox 623 1970 716 2014; x_wconf 88' lang='lat' dir='ltr'><strong>sine</strong></span> <span class='ocrx_word' id='word_1_64' title='bbox 758 1985 847 2028; x_wconf 90' lang='lat' dir='ltr'><strong>qua</strong></span> <span class='ocrx_word' id='word_1_65' title='bbox 888 1971 970 2017; x_wconf 71' lang='lat' dir='ltr'><strong>res&#39;</strong></span> <span class='ocrx_word' id='word_1_66' title='bbox 1002 1973 1050 2016; x_wconf 90' lang='lat' dir='ltr'><strong>in</strong></span> <span class='ocrx_word' id='word_1_67' title='bbox 1087 1970 1412 2019; x_wconf 84' lang='lat' dir='ltr'><strong>commentariis</strong></span> <span class='ocrx_word' id='word_1_68' title='bbox 1505 1981 1510 1984; x_wconf 85' lang='lat'>&#39;</span> 
     </span>
    </p>
   </div>
   <div class='ocr_carea' id='block_1_7' title="bbox 7 2070 1411 2742">
    <p class='ocr_par' dir='ltr' id='par_1_7' title="bbox 7 2070 1411 2742">
     <span class='ocr_line' id='line_1_13' title="bbox 38 2070 1411 2134; baseline 0.001 -19"><span class='ocrx_word' id='word_1_69' title='bbox 38 2075 252 2115; x_wconf 79' lang='lat' dir='ltr'><strong>tractatae</strong></span> <span class='ocrx_word' id='word_1_70' title='bbox 280 2070 537 2121; x_wconf 78' lang='lat' dir='ltr'><strong>difficillime</strong></span> <span class='ocrx_word' id='word_1_71' title='bbox 562 2072 606 2122; x_wconf 88' lang='lat' dir='ltr'><strong>in</strong></span> <span class='ocrx_word' id='word_1_72' title='bbox 634 2086 762 2115; x_wconf 89' lang='lat' dir='ltr'><strong>usum</strong></span> <span class='ocrx_word' id='word_1_73' title='bbox 786 2072 987 2124; x_wconf 84' lang='lat' dir='ltr'><strong>adhiberi</strong></span> <span class='ocrx_word' id='word_1_74' title='bbox 1014 2080 1211 2134; x_wconf 79' lang='lat' dir='ltr'><strong>possunt,</strong></span> <span class='ocrx_word' id='word_1_75' title='bbox 1247 2072 1320 2116; x_wconf 90' lang='lat' dir='ltr'><strong>alii</strong></span> <span class='ocrx_word' id='word_1_76' title='bbox 1338 2087 1411 2116; x_wconf 91' lang='lat' dir='ltr'><strong>me</strong></span> 
     </span>
     <span class='ocr_line' id='line_1_14' title="bbox 11 2173 1411 2235; baseline 0.002 -19"><span class='ocrx_word' id='word_1_77' title='bbox 11 2173 185 2233; x_wconf 89' lang='lat' dir='ltr'><strong>·ipsum</strong></span> <span class='ocrx_word' id='word_1_78' title='bbox 213 2173 507 2233; x_wconf 82' lang='lat' dir='ltr'><strong>impulerunt,</strong></span> <span class='ocrx_word' id='word_1_79' title='bbox 543 2179 593 2216; x_wconf 93' lang='lat' dir='ltr'><strong>ut</strong></span> <span class='ocrx_word' id='word_1_80' title='bbox 629 2173 823 2218; x_wconf 86' lang='lat' dir='ltr'><strong>indicem</strong></span> <span class='ocrx_word' id='word_1_81' title='bbox 856 2176 1124 2234; x_wconf 78' lang='lat' dir='ltr'><strong>promissum</strong></span> <span class='ocrx_word' id='word_1_82' title='bbox 1152 2190 1287 2234; x_wconf 86' lang='lat' dir='ltr'><strong>quam</strong></span> <span class='ocrx_word' id='word_1_83' title='bbox 1314 2175 1411 2235; x_wconf 82' lang='lat' dir='ltr'><strong>pri-</strong></span> 
     </span>
     <span class='ocr_line' id='line_1_15' title="bbox 11 2253 1408 2337; baseline 0.002 -20"><span class='ocrx_word' id='word_1_84' title='bbox 11 2253 16 2256; x_wconf 27' lang='lat'><em>*</em></span> <span class='ocrx_word' id='word_1_85' title='bbox 38 2288 163 2318; x_wconf 87' lang='lat' dir='ltr'><strong>mum</strong></span> <span class='ocrx_word' id='word_1_86' title='bbox 179 2274 275 2318; x_wconf 83' lang='lat' dir='ltr'><strong>fieri</strong></span> <span class='ocrx_word' id='word_1_87' title='bbox 295 2281 449 2334; x_wconf 84' lang='lat' dir='ltr'><strong>posset</strong></span> <span class='ocrx_word' id='word_1_88' title='bbox 477 2290 678 2323; x_wconf 87' lang='lat' dir='ltr'><strong>seorsum</strong></span> <span class='ocrx_word' id='word_1_89' title='bbox 705 2275 886 2321; x_wconf 85' lang='lat' dir='ltr'><strong>ederem</strong></span> <span class='ocrx_word' id='word_1_90' title='bbox 918 2282 963 2323; x_wconf 89' lang='lat' dir='ltr'><strong>et</strong></span> <span class='ocrx_word' id='word_1_91' title='bbox 984 2277 1158 2321; x_wconf 88' lang='lat' dir='ltr'><strong>duobus</strong></span> <span class='ocrx_word' id='word_1_92' title='bbox 1187 2276 1408 2337; x_wconf 87' lang='lat' dir='ltr'><strong>prioribus</strong></span> 
     </span>
     <span class='ocr_line' id='line_1_16' title="bbox 38 2375 1408 2439; baseline 0.002 -20"><span class='ocrx_word' id='word_1_93' title='bbox 38 2375 331 2422; x_wconf 86' lang='lat' dir='ltr'><strong>voluminibus</strong></span> <span class='ocrx_word' id='word_1_94' title='bbox 362 2378 488 2434; x_wconf 86' lang='lat' dir='ltr'><strong>quasi</strong></span> <span class='ocrx_word' id='word_1_95' title='bbox 521 2377 780 2439; x_wconf 86' lang='lat' dir='ltr'><strong>appendicis</strong></span> <span class='ocrx_word' id='word_1_96' title='bbox 821 2379 923 2423; x_wconf 89' lang='lat' dir='ltr'><strong>loco</strong></span> <span class='ocrx_word' id='word_1_97' title='bbox 951 2379 1256 2439; x_wconf 84' lang='lat' dir='ltr'><strong>adiungerem.</strong></span> <span class='ocrx_word' id='word_1_98' title='bbox 1324 2378 1408 2423; x_wconf 80' lang='lat' dir='ltr'><strong>His</strong></span> 
     </span>
     <span class='ocr_line' id='line_1_17' title="bbox 38 2474 1408 2541; baseline 0.004 -21"><span class='ocrx_word' id='word_1_99' title='bbox 38 2474 427 2523; x_wconf 76' lang='lat' dir='ltr'><strong>adhortationibus</strong></span> <span class='ocrx_word' id='word_1_100' title='bbox 447 2479 644 2524; x_wconf 75' lang='lat' dir='ltr'><strong>virorum</strong></span> <span class='ocrx_word' id='word_1_101' title='bbox 680 2481 939 2525; x_wconf 85' lang='lat' dir='ltr'><strong>auctoritate</strong></span> <span class='ocrx_word' id='word_1_102' title='bbox 969 2482 1209 2541; x_wconf 83' lang='lat' dir='ltr'><strong>insignium</strong></span> <span class='ocrx_word' id='word_1_103' title='bbox 1241 2495 1295 2525; x_wconf 91' lang='lat' dir='ltr'><strong>eo</strong></span> <span class='ocrx_word' id='word_1_104' title='bbox 1321 2480 1408 2524; x_wconf 89' lang='lat' dir='ltr'><strong>mi-</strong></span> 
     </span>
     <span class='ocr_line' id='line_1_18' title="bbox 7 2566 1407 2649; baseline 0.002 -27"><span class='ocrx_word' id='word_1_105' title='bbox 7 2647 9 2649; x_wconf 77' lang='lat'>.</span> <span class='ocrx_word' id='word_1_106' title='bbox 37 2592 118 2622; x_wconf 87' lang='lat' dir='ltr'><strong>nus</strong></span> <span class='ocrx_word' id='word_1_107' title='bbox 132 2566 301 2639; x_wconf 76' lang='lat' dir='ltr'><strong>vparere</strong></span> <span class='ocrx_word' id='word_1_108' title='bbox 326 2579 610 2648; x_wconf 25' lang='lat' dir='ltr'><strong>noluisquod</strong></span> <span class='ocrx_word' id='word_1_109' title='bbox 635 2582 783 2639; x_wconf 72' lang='lat' dir='ltr'><strong>index,</strong></span> <span class='ocrx_word' id='word_1_110' title='bbox 815 2597 949 2641; x_wconf 90' lang='lat' dir='ltr'><strong>quem</strong></span> <span class='ocrx_word' id='word_1_111' title='bbox 975 2568 1297 2637; x_wconf 83' lang='lat' dir='ltr'><strong>desiderabant,</strong></span> <span class='ocrx_word' id='word_1_112' title='bbox 1318 2597 1407 2626; x_wconf 92' lang='lat' dir='ltr'><strong>non</strong></span> 
     </span>
     <span class='ocr_line' id='line_1_19' title="bbox 36 2679 1407 2742; baseline 0.002 -19"><span class='ocrx_word' id='word_1_113' title='bbox 36 2693 154 2724; x_wconf 85' lang='lat' dir='ltr'><strong>nune</strong></span> <span class='ocrx_word' id='word_1_114' title='bbox 189 2679 371 2726; x_wconf 88' lang='lat' dir='ltr'><strong>demum</strong></span> <span class='ocrx_word' id='word_1_115' title='bbox 404 2681 531 2731; x_wconf 87' lang='lat' dir='ltr'><strong>nobis</strong></span> <span class='ocrx_word' id='word_1_116' title='bbox 566 2680 651 2731; x_wconf 82' lang='lat' dir='ltr'><strong>fuit</strong></span> <span class='ocrx_word' id='word_1_117' title='bbox 680 2683 1002 2742; x_wconf 79' lang='lat' dir='ltr'><strong>conficiendas,</strong></span> <span class='ocrx_word' id='word_1_118' title='bbox 1036 2684 1118 2737; x_wconf 80' lang='lat' dir='ltr'><strong>sed</strong></span> <span class='ocrx_word' id='word_1_119' title='bbox 1149 2685 1277 2729; x_wconf 88' lang='lat' dir='ltr'><strong>simul</strong></span> <span class='ocrx_word' id='word_1_120' title='bbox 1306 2699 1407 2727; x_wconf 91' lang='lat' dir='ltr'><strong>cum</strong></span> 
     </span>
    </p>
   </div>
   <div class='ocr_carea' id='block_1_8' title="bbox 38 2761 1404 2844">
    <p class='ocr_par' dir='ltr' id='par_1_8' title="bbox 38 2761 1404 2844">
     <span class='ocr_line' id='line_1_20' title="bbox 38 2761 1404 2844; baseline 0.001 -20"><span class='ocrx_word' id='word_1_121' title='bbox 38 2779 249 2826; x_wconf 84' lang='lat' dir='ltr'><strong>absolutis</strong></span> <span class='ocrx_word' id='word_1_122' title='bbox 299 2782 358 2827; x_wconf 90' lang='lat' dir='ltr'><strong>de</strong></span> <span class='ocrx_word' id='word_1_123' title='bbox 405 2783 627 2844; x_wconf 84' lang='lat' dir='ltr'><strong>Iugurtha</strong></span> <span class='ocrx_word' id='word_1_124' title='bbox 671 2761 996 2837; x_wconf 73' lang='lat' dir='ltr'><strong>eommentariis</strong></span> <span class='ocrx_word' id='word_1_125' title='bbox 1040 2788 1268 2832; x_wconf 82' lang='lat' dir='ltr'><strong>confectus</strong></span> <span class='ocrx_word' id='word_1_126' title='bbox 1310 2785 1404 2828; x_wconf 84' lang='lat' dir='ltr'><strong>fuit.</strong></span> 
     </span>
    </p>
   </div>
  </div>
 </body>
</html>
