1716 3210
264 213 323 256 12
865 205 1040 257 INDEX

264 324 450 361 Adiectiva
473 319 682 356 attribuat-'va
714 327 797 355 oum
819 317 985 354 ablativis
1006 318 1217 355 substantivi
1246 321 1290 356 et
1301 310 1465 364 ffliefflvi
1484 327 1647 358 amnn-

356 384 442 420 tata,
461 380 489 414 1.
511 378 571 421 70,
592 377 628 413 2.

265 438 451 474 Adiectiva
472 435 542 471 loci
563 438 599 470 et
621 434 788 479 temporis
807 444 829 468 ιι
850 433 985 468 Latinis
1003 431 1175 479 singulari
1190 434 1295 469 modo
1313 435 1533 479 usurpat-‚L
1542 434 1603 478 37,
1610 434 1646 468 4.

267 496 528 530 Adiectivorum
559 493 629 527 loci
651 496 686 527 et
707 491 875 535 temporis
903 497 1029 527 neutra
1057 502 1166 527 aurea
1188 495 1305 527 aetate
1324 500 1409 529 raro
1434 494 1647 531 substantive

358 555 543 596 ponuntur,
563 552 592 586 1.
613 549 672 593 37,
695 549 730 583 4.
777 548 835 590 90,
863 549 895 584 1.

265 609 452 645 Adiectiva
475 610 543 643 duo
572 607 710 653 quando
730 606 864 642 nomini
888 605 1155 651 praemittantur
1187 607 1262 643 sine
1292 608 1439 653 copula,
1468 608 1500 644 1.
1521 581 1592 652 30,
1612 608 1648 652 3.

359 666 417 707 38,
438 666 473 701 6.

266 725 453 761 Adiectiv'a
477 725 545 759 duo
568 723 707 767 quando
729 721 864 757 nomini
885 724 1137 767 postponantur
1158 721 1233 757 sine
1254 723 1403 769 copula,
1424 724 1454 762 1.
1471 723 1582 769 28,4

266 785 423 829 Adigere
446 782 490 817 ad
512 781 765 824 iusiurandum,
791 791 860 815 non
885 781 1033 823 adicere,
1056 779 1095 814 G.
1120 779 1238 823 22,1.

220 885 223 890 ¹
265 842 480 877 Administer
502 839 708 875 etminister
733 849 802 882 quo
823 838 1000 886 differant,
1021 839 1051 874 1.
1074 837 1132 881 29,
1153 837 1189 881 2·

265 899 524 934 Administrare
544 898 666 932 bellum
688 897 789 940 expL,
809 896 840 932 1.
864 897 924 938 29,
947 897 982 931 1.
1094 902 1098 903 ’

266 956 524 991 Administrare
545 954 705 990 absolute
728 954 858 988 dictum
882 954 907 989 i.
929 966 967 998 q.
986 953 1106 990 munia
1125 954 1212 989 belli
1233 954 1344 998 obire,
1364 955 1394 990 1.
1416 954 1475 1000 76,
1503 954 1540 992 ὃ.
1563 960 1565 962 ’

266 1015 450 1051 Admirari
471 1013 507 1048 in
528 1024 568 1047 re
588 1012 829 1055 vituperanda,
851 1012 880 1046 1.
903 1012 938 1057 2,
961 1013 996 1047 4.

266 1072 464 1106 Admittere
485 1069 621 1105 facinus
642 1070 747 1114 exp1.,
770 1070 797 1103 1.
815 1068 874 1112 53,
897 1069 933 1104 7.

266 1128 516 1165 Adolescerei.
539 1139 574 1172 q.
598 1127 708 1162 instas
728 1127 821 1161 vires
844 1127 1019 1172 consequi,
1041 1128 1068 1167 1,.
1091 1126 1149 1170 63,
1171 1126 1208 1163 3.

266 1187 420 1232 Adoptio
444 1189 479 1221 et
500 1186 697 1231 adoptatio,
719 1185 748 1220 1.
774 1186 833 1230 11,
855 1186 891 1221 6.

267 1245 476 1281 Adulescens
506 1243 636 1278 rectior
674 1243 791 1278 forma
829 1243 922 1288 apud
953 1243 1041 1278 Sall.
1071 1251 1197 1287 qnam
1207 1240 1430 1283 adolescens,
1467 1242 1507 1278 0.
1524 1242 1579 1308 3
1614 1243 1653 1278 3.

356 1300 464 1344 1,85,
486 1300 546 1335 41.

266 1305 476 1399 Adullescens
506 1362 652 1395 vocatur
682 1358 790 1395 etiam
823 1358 884 1404 qui
916 1358 1027 1394 estin
1046 1358 1138 1394 flore
1158 1357 1283 1394 aetatis
1297 1357 1432 1402 virilis,
1464 1359 1505 1394 C.
1527 1358 1595 1430 38,
1616 1358 1654 1396 l.

359 1418 418 1461 49,
439 1417 476 1451 2.

267 1478 417 1514 Adulta
427 1478 547 1511 aetate
569 1474 670 1509 homo
693 1476 728 1509 et
750 1474 892 1509 adultus
915 1479 1035 1509 aetate
1058 1485 1128 1509 non
1150 1473 1256 1520 idem,
1278 1474 1319 1511 C.
1342 1473 1400 1518 15,
1422 1474 1459 1515 2.

265 1536 441 1573 Advenit-e
462 1533 487 1568 i.
511 1544 544 1577 q.
569 1531 771 1578 contingere
792 1532 962 1575 alicui,1.
986 1531 1126 1574 111,1.

268 1595 431 1630 Adventu
449 1591 474 1628 i.
498 1602 534 1635 q.
555 1592 712 1633 temporo
735 1590 916 1632 adventus,
938 1590 967 1627 Ι.
993 1590 1053 1633 30,
1075 1590 1112 1629 3.

266 1650 433 1694 Aduerbii
456 1652 492 1683 et
513 1648 691 1689 adiectivi,
714 1647 776 1682 ubi
798 1652 984 1692 utrumque
1006 1649 1090 1693 poni
1112 1651 1246 1693 potest,
1269 1647 1470 1691 discrimen,
1492 1649 1520 1683 1.
1538 1648 1598 1691 31,
1619 1647 1656 1684 2.

267 1720 443 1757 Aduerbia
466 1718 533 1752 1οοί
556 1727 621 1761 pro
644 1717 898 1760 praepositione
920 1730 1001 1752 cum
1026 1719 1233 1762 pronomine
1255 1720 1311 1752 vel
1330 1730 1411 1752 cum
1427 1719 1656 1761 substantivo,

362 1773 1079 1819 c.5,z.56,5.1.‚135.14,..⁹2.
1125 1775 1240 1819 662.
1286 1774 1403 1822 75,4.

269 1846 445 1882 Aduerbio
468 1855 550 1878 cum
574 1857 644 1880 esse
668 1846 778 1880 verbo
802 1845 1004 1906 coniuncta,
1038 1846 1076 1880 C.
1107 1844 1177 1890 58,
1210 1845 1246 1888 9.
1291 1846 1319 1882 1.
1343 1847 1385 1892 7,
1417 1845 1477 1881 6.
1498 1845 1565 1888 14,
1598 1845 1656 1883 11.

357 1903 417 1946 75,
439 1903 474 1938 7.
521 1902 578 1945 85,
601 1903 637 1940 6.

269 1963 445 1997 Adverbia
467 1972 509 1995 ex
532 1961 714 1996 adiectivis
738 1950 845 2001 faeta,
865 1961 892 1994 1.
916 1958 951 2002 5,
974 1959 1008 2001 4.

270 2020 449 2054 Adverbia
471 2030 552 2053 eum
576 2021 760 2056 adiectivis
785 2019 822 2052 in
845 2018 1003 2053 oratione
1026 2017 1214 2054 bimembri
1234 2018 1385 2062 sociata,
1405 2019 1435 2055 1.
1459 2019 1527 2062 31,

269 2079 449 2113 Aduerbio
483 2077 644 2113 absolute
682 2078 798 2123 posita
839 2076 915 2111 vim
958 2077 1211 2117 enunciationis
1244 2078 1471 2113 secundariae
1514 2078 1657 2121 habent,

360 2124 389 2173 1.
411 2135 471 2178 76,
493 2134 527 2170 5.

269 2195 518 2230 Aduerbiorum
538 2194 615 2229 loco
637 2191 855 2228 substantiva
875 2197 999 2228 neutra
1021 2192 1275 2233 odientivorum
1298 2181 1380 2227 enm
1401 2191 1658 2238 praepositione

359 2256 545 2297 ponuntur,
569 2251 607 2286 C.
631 2250 666 2293 8,
690 2250 724 2287 l.
769 2249 829 2294 41,
847 2251 882 2286 1.
930 2252 957 2286 1.
983 2250 1018 2293 5,
1041 2250 1077 2286 3.

270 2323 519 2361 Aduerbiorum
542 2320 638 2355 vices
659 2319 827 2412 sustgneut
858 2321 965 2357 verba
990 2310 1189 2365 maturare,
1218 2331 1405 2367 occupare,
1439 2320 1656 2362 contendere,

363 2380 401 2414 c.
427 2379 485 2422 18,
508 2378 543 2414 8.
589 2379 620 2414 1.
645 2377 704 2421 79,
753 2403 762 2412 .

247 2440 251 2443 ’
271 2436 466 2472 Advorsum
489 2441 524 2471 et
551 2438 729 2479 advorsus,
752 2435 782 2470 l.
796 2434 854 2478 8⁰,
876 2434 911 2469 3.

270 2495 464 2529 Advorsum
486 2495 670 2529 confusum
694 2504 776 2527 cum
797 2505 977 2535 avorsum,
998 2493 1026 2529 I.
1047 2492 1105 2535 93,
1129 2492 1164 2528 1.
1211 2492 1292 2536 102,
1313 2492 1350 2529 2.

269 2553 464 2586 Advorsum
486 2553 654 2597 aliquem,
677 2550 751 2586 sine
773 2551 914 2587 notione
933 2555 1072 2596 motus,
1093 2551 1119 2587 i.
1141 2562 1177 2597 q.
1200 2563 1220 2587 e
1239 2551 1396 2599 regione,
1417 2549 1447 2588 Ι.
1471 2547 1552 2592 1¹5,
1573 2547 1610 2589 4-
1643 2568 1647 2574 ·

273 2621 450 2657 Advorsus
474 2621 631 2664 alicuius,
653 2621 681 2655 1.
702 2619 763 2663 43,
785 2620 819 2654 1.

271 2679 385 2714 Aedes
407 2689 477 2712 vox
500 2677 675 2712 interdum
699 2677 886 2722 omittitur,
906 2678 945 2715 G.
965 2677 1024 2723 49,
1049 2677 1086 2714 5.

271 2737 390 2782 Aeger
412 2735 552 2771 animus
572 2736 680 2779 expl„
701 2736 730 2770 1.
752 2736 810 2778 71,
832 2735 869 2777 2,

273 2794 475 2840 Aequabilis
497 2793 636 2839 explic„
659 2794 687 2828 1.
710 2792 768 2836 43,
792 2793 826 2838 1.
