1716 3210
218 346 418 395 Diligentia
438 342 613 390 quomodo
634 342 776 379 differat
795 343 842 378 ab
861 344 1049 389 industria,
1070 344 1176 389 Ῑ.’76,
1194 347 1229 382 1.
1275 353 1281 366 v'
1335 365 1337 367 ·
1356 368 1358 370 -

219 407 406 443 Dimittere
428 403 578 445 aliquem
596 401 819 446 impunitum,
841 401 885 436 C.
903 401 962 446 51,
984 402 1020 440 5.

219 463 405 499 Dimittere
427 459 602 503 quomodo
624 458 765 493 differat
785 458 831 492 ab
855 459 1025 503 omittere,
1045 459 1074 495 1.
1097 459 1156 504 31,
1178 459 1236 501 17.

219 518 405 555 Dimittere
425 520 461 552 et
484 516 664 552 demittere
689 516 846 559 confusa,
869 516 898 551 1.
921 516 1003 560 102,
1018 517 1076 558 11,

218 572 423 611 Διολλνναι
449 573 474 608 1.
498 583 533 616 q.
558 572 715 617 perdere,
741 572 770 606 1.
793 572 853 615 31,
876 572 934 614 1⁷.
1018 584 1021 585 ⁷

217 634 391 670 Dirimere
413 630 558 675 aliquid,
581 629 606 664 i.
630 641 664 675 q.
689 630 827 679 irritum
846 631 1002 675 reddere,
1012 633 1067 670 Ὀ.
1090 634 1148 677 18,
1162 633 1198 672 8.

218 691 404 727 Discedere
426 687 600 733 quomodo
623 688 764 723 differat
787 699 810 724 a
833 690 1009 734 decedere,
1031 691 1058 726 1.
1086 691 1145 734 20,
1167 692 1216 731 1,

218 749 406 785 Discedere
427 747 556 781 victum
578 747 634 780 vel
652 747 836 791 victorem,
869 747 913 782 de
935 748 1194 784 contentionum
1217 751 1350 785 eventu
1377 749 1526 792 dicitur,
1558 749 1599 786 C.

308 806 368 848 49,
390 805 426 840 2.
473 805 500 840 1.
523 803 582 845 ⁷9,
605 803 640 839 ‘1

219 865 417 905 Discedere,
442 861 614 903 discessio,
637 860 674 895 in
695 862 913 906 sententiam,
937 864 1110 907 quomodo
1131 864 1208 908 fiat,
1227 864 1266 903 C.
1289 862 1348 913 50
1351 835 1418 903 4
1448 839 1451 842 -

218 923 425 966 Disceptare
446 919 521 954 iure
542 918 716 960 formula,
727 919 756 953 1.
780 919 838 962 21,
862 921 896 958 4.

220 981 424 1016 Discernere
445 977 626 1021 quomodo
642 976 783 1013 differat
806 989 828 1012 a
828 945 1054 1023 decernere
1063 979 1103 1016 C.
1126 979 1184 1022 25,
1207 979 1329 1017 3..

221 1038 380 1073 Disertus
402 1035 576 1080 quomodo
599 1034 740 1069 differat
760 1045 784 1069 a
799 1029 980 1079 facundus
1002 1041 1037 1072 et
1059 1039 1229 1083 eloquens,
1251 1038 1278 1073 1.
1301 1037 1359 1081 85,
1377 1038 1441 1074 26.

220 1095 479 1140 Disiunguntur
501 1093 612 1133 verba
642 1095 738 1131 arcte
767 1093 990 1133 cohaerentia
1009 1094 1160 1159 vocibus
1181 1063 1359 1132 coarianis
1377 1096 1603 1160 interpositis,

220 1211 398 1247 Disserere
419 1176 549 1252 duplici
571 1210 747 1244 structura
772 1207 809 1246 in
830 1210 954 1245 cadom
975 1211 1216 1246 enunciatione
1236 1212 1427 1255 positum,
1444 1212 1484 1246 C.
1509 1211 1546 1255 5,
1567 1211 1606 1248 9.

221 1270 294 1306 Diu
318 1278 380 1312 pro
405 1267 461 1301 die
485 1266 619 1301 dictum
642 1266 679 1300 in
703 1267 859 1300 formula
884 1268 944 1301 diu
971 1273 1151 1314 noctuque,
1174 1269 1201 1303 1.
1224 1267 1284 1311 44,
1306 1269 1355 1304 5.·
1385 1269 1446 1311 70,
1470 1270 1505 1304 1.

222 1328 388 1363 Diuersus
410 1334 517 1368 quam
541 1323 618 1359 vim
641 1323 781 1365 habeat,
808 1324 848 1357 C.
870 1324 907 1367 2,
930 1325 964 1359 1.
1010 1325 1046 1368 5,
1068 1326 1102 1363 8.
1148 1327 1176 1361 Ι.
1198 1327 1259 1374 12,
1279 1325 1318 1362 5.
1363 1327 1422 1369 31,
1434 1327 1504 1363 Δ24.

221 1385 355 1421 Divina
373 1387 408 1418 ct
426 1382 580 1415 humanu
598 1381 715 1414 omnia
736 1381 911 1424 quomodo
933 1382 1200 1429 intelligendum
1221 1385 1277 1426 sit,
1301 1386 1328 1421 1.
1350 1382 1386 1427 5,
1409 1383 1466 1419 2.·
1489 1383 1549 1429 31,
1569 1382 1607 1421 9.

221 1445 354 1479 Docere
377 1439 551 1484 quomodo
575 1437 716 1471 diflerat
737 1438 782 1471 ab
805 1439 959 1483 edocere,
981 1439 1022 1478 C.
1042 1439 1102 1487 48,
1125 1442 1160 1477 4.
1204 1442 1233 1478 1.
1255 1441 1322 1485 68,
1339 1441 1405 1485 3.'

222 1502 353 1536 Docere
375 1497 399 1532 i.
423 1508 457 1541 q.
483 1506 642 1538 narrare,
666 1494 696 1529 1.
717 1493 776 1538 40,
800 1495 837 1534 4,

220 1560 353 1594 Doctus
373 1554 502 1600 triplici
525 1554 630 1589 modo
652 1556 900 1596 constructum,
916 1555 964 1590 G.
986 1554 1044 1599 25,
1067 1555 1102 1592 2.
1146 1542 1150 1547 ”

222 1617 349 1654 Dolere
375 1615 418 1649 de
443 1613 563 1663 aliqua
588 1624 626 1648 re
647 1613 706 1652 vel
729 1612 849 1658 aliqua
873 1623 912 1653 re
945 1612 1125 1656 diversum
1146 1625 1170 1656 a
1192 1616 1310 1652 dolere
1324 1626 1391 1690 pro
1406 1614 1530 1660 aliqum
1551 1624 1605 1658 re,

314 1674 343 1708 Ι.
366 1672 426 1714 39,
447 1672 482 1706 1.

221 1734 327 1769 Dolet
347 1731 481 1776 aliquid
498 1729 595 1771 mihi,
618 1729 646 1764 Ι.
670 1727 726 1771 84,
751 1727 786 1764 1.

222 1791 332 1825 Dolus
352 1787 452 1822 varia
476 1789 647 1824 relatione
670 1789 813 1831 dictum,
837 1787 865 1823 1.
889 1786 949 1830 36,
972 1787 1007 1823 3.

222 1847 333 1882 Dolus
354 1845 378 1880 i.
403 1857 437 1889 q.
462 1846 630 1888 sollertia,
654 1846 775 1889 c.'26,
795 1846 830 1880 2.

222 1904 322 1939 Delie
343 1902 538 1938 interficere
558 1904 723 1948 aliquem,
747 1904 775 1938 1.
798 1902 834 1945 6,
856 1902 892 1938 3.

223 1963 375 1998 Domare
397 1960 422 1995 i.
447 1972 480 2004 q.
505 1973 560 1996 res
584 1972 725 2005 asperas
747 1971 924 2005 superare,
951 1960 989 1995 C.
1013 1959 1050 2001 7,
1065 1958 1100 1996 5.

1712 0 1716 139 ἐ

673 220 683 231 ,
1712 149 1716 201 Ι

217 239 276 282 28
806 231 1002 275 ‘INDEX
1138 238 1145 254 -·
1216 239 1221 244 ·

223 2019 328 2054 Domi
351 2021 385 2053 et
401 2019 495 2061 foris
517 2019 692 2063 quomodo
715 2018 783 2052 sibi
809 2017 967 2061 opposita
986 2017 1067 2060 sint,
1090 2018 1118 2052 1.
1141 2016 1199 2061 85,
1220 2017 1255 2053 3.
1704 2050 1707 2059 ,

222 2077 328 2112 Domi
350 2077 544 2121 militiaque
566 2076 723 2118 dubium,
747 2076 786 2110 C.
808 2075 867 2118 53,
885 2076 919 2110 2.
1331 2114 1335 2117 1
1384 2077 1402 2083 ”
1427 2090 1432 2095 ’
1698 2066 1707 2121 ‘3

221 2135 425 2169 Dominatio
447 2134 641 2169 nobilitatis
663 2133 844 2179 proprium
866 2133 1004 2176 vitium,
1026 2133 1056 2168 1.
1076 2132 1136 2178 41,
1159 2132 1196 2168 5.
1414 2148 1417 2149 ⁷
1702 2127 1706 2146 ·’

223 2192 351 2228 Domus
381 2202 450 2225 vox
481 2203 562 2227 cum
595 2192 767 2229 adiectivo
808 2191 995 2227 coniuncta
1027 2190 1319 2237 praepositionem
1350 2192 1421 2233 nonv
1447 2192 1606 2238 requirit,

316 2250 343 2287 Ι,
367 2247 425 2291 66,
447 2247 483 2285 3.

223 2308 357 2344 Dubius
379 2318 461 2340 cum
484 2306 603 2343 dativo
626 2306 742 2351 supini
764 2309 1011 2347 constructum,
1035 2305 1062 2340 1.
1079 2304 1138 2346 94,
1159 2305 1194 2339 2.

223 2366 331 2399 Dubii
349 2365 474 2408 hostes,
498 2364 523 2399 i.
548 2377 581 2410 q.
605 2366 650 2399 ad
672 2365 794 2410 fugam
818 2363 1032 2404 inclinantes,
1056 2363 1082 2399 1.
1104 2363 1162 2406 51,
1185 2361 1220 2401 5,

223 2422 264 2457 111
288 2423 388 2456 dubio
409 2433 480 2457 esse
501 2423 527 2459 i.
552 2435 585 2467 q.
608 2422 645 2456 in
666 2422 822 2466 periculo
846 2433 933 2463 esse,
955 2420 996 2455 G.
1018 2417 1076 2463 52,
1099 2419 1136 2455 6.

224 2483 359 2517 Ducere
383 2486 417 2519 et
438 2492 564 2527 rapere
585 2480 782 2522 coniuncta,
805 2479 834 2515 Ι.
859 2478 918 2521 41,
944 2477 979 2512 5.
1023 2485 1027 2489 ·

224 2540 357 2574 Ducere
380 2543 414 2573 et
436 2541 605 2573 deducere
628 2538 787 2579 confusa,
810 2537 838 2570 1.
861 2535 943 2576 113,
965 2532 1002 2570 5.

223 2598 358 2632 Ducere
378 2597 512 2642 aliquid
526 2598 563 2631 in
584 2596 738 2642 aliquam
755 2606 839 2636 rem,
862 2593 888 2629 i.
912 2604 946 2636 q.
967 2592 1201 2639 interpretari,
1223 2593 1251 2628 1.
1272 2592 1331 2636 85,
1352 2593 1409 2630 26.

224 2654 337 2689 Duces
360 2654 540 2688 cohortem
563 2654 632 2688 sibi
656 2653 844 2699 eligebant,
867 2651 898 2685 I.
919 2650 978 2692 93,
1002 2650 1037 2684 1.

224 2712 378 2746 Ductare
401 2712 571 2746 obscoene
593 2710 744 2755 intelligi
767 2713 892 2755 potest,
915 2710 944 2743 1.
967 2708 1026 2751 21,
1049 2707 1084 2745 2.
1102 2706 1108 2708 ξ

224 2768 379 2803 Ductare
401 2768 584 2802 exercitum
607 2767 631 2801 i.
656 2779 688 2811 q.
713 2779 872 2811 praeesse
897 2765 1077 2807 exercitui,
1107 2764 1147 2799 G.
1170 2764 1228 2807 11,
1249 2764 1285 2800 5.

224 2825 315 2859 Dum
336 2825 473 2860 soloece
499 2836 580 2860 cum
601 2824 825 2861 coniunctivo
848 2823 1041 2871 praesentis
1062 2823 1232 2866 iunctum,
1253 2823 1283 2857 1.
1307 2821 1366 2867 ΖΒ,
1381 2822 1416 2861 l«
