1716 3210
241 233 300 276 26
851 224 1027 268 INDEX
1099 252 1101 254 -

239 341 364 381 Datioi
383 340 456 374 vim
472 337 584 372 habet
600 336 757 383 supinum
772 336 868 380 inu,-
891 338 921 373 Ι.
937 337 995 382 91,
1012 337 1049 374 7.
1095 338 1153 380 98,
1170 337 1206 373 7.

240 405 294 439 De
310 403 344 434 et
366 397 404 432 di
422 396 582 442 syllabae
599 395 774 440 quomodo
787 406 891 430 sensu
904 396 1080 442 differant,
1102 399 1140 434 C.
1159 398 1218 441 25,
1237 398 1272 435 3.
1317 399 1345 434 Ι.
1362 397 1396 440 1,
1415 397 1451 433 4.
1469 397 1551 443 102,
1560 397 1616 434 11.

238 462 291 496 De
309 454 453 492 inservit
467 452 604 487 obiecto
621 452 814 487 accusativi
827 453 1154 500 circumscribendo,
1174 457 1203 491 1.
1217 456 1276 501 8⁴,
1293 456 1329 491 3.
1360 455 1432 499 87,
1453 455 1490 493 3.

236 518 291 552 De
309 525 391 548 cum
409 510 564 547 ablativo
581 521 644 553 pro
657 509 823 554 genitivo
830 511 996 556 positum,
1021 513 1059 548 C.
1078 513 1137 559 35,
1157 514 1192 549 2.

237 575 291 610 De
309 582 390 606 cum
406 567 523 604 verbis
540 566 771 613 compositum
789 566 864 602 vim
893 567 1062 620 simplicis
1084 573 1206 616 auget,
1239 570 1280 605 0.
1310 563 1378 614 35,
1403 550 1443 605 3.
1488 551 1556 612 45,
1583 567 1618 603 4.

330 629 358 663 1.
371 625 407 670 5,
427 625 464 663 7.

237 689 292 723 De
309 695 392 719 cum
409 680 624 718 substantivo
639 683 702 719 aut
713 676 838 717 neutro
852 682 1019 719 adiectivi
1034 696 1099 730 pro
1118 684 1298 729 adverbio,
1317 684 1356 722 0.
1374 683 1410 727 8,
1430 683 1489 740 1.

239 746 294 780 De
312 742 338 778 i.
365 753 399 786 q.
420 753 451 783 e,
476 740 514 774 0.
530 739 590 782 61,
606 737 642 776 5.

238 800 412 838 Decedere
439 797 616 842 quomodo
642 796 781 833 differat
804 807 828 833 u
850 797 1049 843 discedere,
1078 800 1108 836 Ι.
1141 799 1205 844 20,
1230 799 1268 835 1.
1313 792 1378 844 23,
1409 797 1445 835 1.
1488 795 1557 841 36,
1583 794 1618 830 4.

327 858 387 900 41,
409 855 444 891 3.
489 854 547 898 88,
571 854 604 889 1.

238 920 428 955 Decernere
451 912 628 948 diversum
651 922 674 947 u
697 904 964 956 discernereve.
986 913 1044 958 25,
1066 914 1103 950 3.

237 978 428 1012 Decernere
446 982 528 1006 cum
551 969 770 1020 coniunctim
793 970 1025 1015 coniunctum,
1050 973 1089 1007 C.
1118 972 1177 1018 29,
1200 972 1236 1007 2.

238 1035 428 1070 Decet-nere
451 1039 534 1064 cum
558 1026 762 1061 accusativo
784 1027 1020 1072 coniunctum,
1043 1030 1082 1064 C.
1106 1029 1165 1074 3⁰,
1192 1030 1227 1064 6.

237 1091 429 1126 Deam-nere
455 1084 658 1121 accusativo
675 1095 755 1119 eum
777 1084 950 1123 infinitivo
980 1090 1015 1123 et
1044 1092 1085 1124 ut
1105 1087 1300 1133 particulae
1320 1083 1428 1120 simul
1449 1083 1621 1127 iunctum,

327 1146 355 1181 1.
377 1143 438 1188 25,
458 1143 493 1181 1.

237 1207 428 1242 Decernere
449 1212 520 1236 uon
541 1203 595 1236 est
615 1200 749 1246 populI,
777 1199 839 1234 sed
864 1203 1015 1244 senatus,
1038 1201 1068 1237 Ι.
1091 1202 1148 1245 40,
1171 1202 1208 1238 3.

235 1265 427 1300 Decernere
451 1259 560 1294 alicui
581 1258 715 1306 ¹aliquid
737 1270 823 1294 num
845 1264 940 1295 recte
961 1250 1108 1305 dicatur,
1131 1261 1161 1296 Ι.
1183 1261 1244 1310 73,
1264 1259 1300 1296 7.

238 1322 431 1356 Decernere
456 1315 482 1350 i.
506 1327 541 1360 q.
562 1320 702 1360 putare,
724 1315 754 1350 Ι.
778 1316 838 1359 39,
861 1317 895 1352 5.
1276 1309 1281 1314 ⁴

238 1379 429 1415 Decernere
451 1372 477 1409 i.
492 1384 526 1417 q.
541 1372 748 1407 sententiam
768 1373 895 1419 dicere,
917 1375 946 1412 1.
970 1375 1052 1419 104,
1075 1376 1111 1411 2.

235 1434 387 1472 Βοοῑίυἰε
413 1430 550 1476 explic„
573 1430 603 1465 Ι.
626 1430 684 1473 17,
698 1429 733 1465 4.

236 1491 401 1530 Deam-sio
429 1500 500 1524 non
521 1490 574 1523 est
595 1482 807 1531 cohortium,
830 1489 891 1525 sed
914 1489 1106 1536 legionum,
1123 1489 1154 1525 1.
1177 1489 1235 1533 99,
1250 1489 1286 1526 1.

237 1553 349 1588 Decus
370 1547 523 1594 regium,
548 1546 667 1591 quale,
691 1547 720 1581 1.
742 1546 801 1588 33,
825 1546 860 1582 1.

236 1610 370 1646 Dedere
395 1616 498 1641 sensu
526 1603 735 1650 praegnanti
769 1603 793 1643 i,
817 1615 851 1649 q.
887 1604 934 1640 ud
955 1603 1149 1639 dedendum
1179 1616 1218 1640 se
1247 1607 1410 1650 paratum
1433 1605 1622 1649 ostendere,

327 1666 358 1701 1.
380 1664 439 1707 47,
462 1663 498 1700 3.

237 1725 373 1763 Dedere
397 1725 433 1757 et
459 1721 546 1756 dare
571 1719 745 1769 quomodo
768 1719 942 1763 differant,
966 1719 1005 1755 0.
1027 1718 1086 1765 45,
1110 1719 1144 1755 4.
1190 1720 1220 1755 Ι.
1243 1719 1303 1763 32,
1325 1719 1360 1755 5.
1406 1719 1466 1764 75,
1490 1720 1528 1756 4,

238 1781 380 1819 Ded-'tio
398 1778 423 1813 ἰ.
448 1790 481 1823 q.
502 1781 635 1813 statum
658 1778 870 1821 deditorum,
893 1778 920 1811 1.
944 1775 1003 1819 75,
1027 1775 1062 1811 8.

238 1839 388 1880 Deditm
409 1836 585 1880 quomodo
613 1836 752 1872 differat
770 1846 796 1872 a
814 1835 1012 1876 dediticius,
1034 1833 1138 1876 I-31,
1156 1804 1212 1869 19.

236 1897 413 1934 Deduoere
434 1893 589 1937 aliquem
611 1904 679 1938 quo
703 1904 806 1931 sensu
822 1891 970 1935 dicatur,
986 1893 1027 1928 0.
1047 1890 1107 1938 55,
1132 1892 1167 1929 2.
1212 1891 1242 1928 1.
1265 1891 1346 1935 113,
1363 1891 1396 1929 5.

238 1955 416 1991 Deducere
437 1951 594 1998 vigiliae,
616 1951 644 1986 Ι.
668 1949 726 1993 44,
749 1949 785 1985 5.

237 2014 430 2055 Defensor-e
453 2008 479 2043 i.
503 2019 537 2052 q.
561 2008 756 2051 defendere,
781 2008 809 2045 Ι.
832 2006 892 2050 26,
915 2007 949 2043 1.

239 2071 292 2106 De
277 2071 397 2113 eficere
422 2066 468 2101 ad
490 2066 657 2110 aliquem,
681 2066 709 2101 1.
731 2065 791 2109 61,
813 2064 849 2101 1.
1004 2055 1007 2058 ’

237 2128 397 2171 Defluere
415 2124 592 2159 diversum
614 2135 638 2159 a
660 2124 835 2168 dnsfluere,
857 2122 886 2158 Ι.
910 2121 945 2164 1,
973 2121 1011 2158 4.

239 2186 464 2229 Desormatus
483 2185 519 2217 et
540 2182 725 2225 deformis,
750 2180 794 2215 de
815 2178 1019 2222 infortunio,
1040 2178 1069 2212 Ι.
1092 2177 1113 2216 1

238 2243 437 2288 Degustare
455 2250 536 2274 cum
551 2237 754 2274 accusativo
777 2237 1015 2279 coniunctum,
1037 2236 1077 2270 0.

238 2301 342 2341 Dein,
364 2298 393 2334 1.
414 2297 473 2339 ll,
494 2296 529 2332 4.
577 2296 634 2339 23,
657 2296 691 2334 2.
738 2295 796 2338 29,
811 2294 846 2331 5.
1715 2334 1716 2340 ἵ

238 2357 374 2392 Deinde
401 2358 435 2390 et
456 2355 537 2390 dein
553 2355 720 2397 confusa,
751 2354 790 2388 c,
823 2351 940 2395 32,1.
986 2350 1045 2394 4ο,
1066 2350 1099 2385 6.
1145 2349 1203 2392 45,
1225 2349 1259 2383 4.
1306 2350 1365 2393 59,
1398 2351 1432 2388 1.
1477 2352 1505 2388 1.
1527 2351 1565 2394 5,
1587 2352 1620 2386 1.
1670 2350 1684 2357 ’
1703 2341 1716 2388 ψ

328 2411 364 2457 5,
392 2412 427 2448 6.
473 2412 536 2455 18,
567 2412 625 2447 12.
672 2411 739 2454 19,
768 2410 803 2446 3.
850 2410 914 2452 20,
938 2408 972 2447 4„
1018 2408 1077 2451 24,
1102 2407 1135 2442 6.
1182 2408 1239 2452 25,
1262 2406 1297 2443 5.
1343 2410 1402 2453 26,
1424 2410 1458 2445 a
1503 2410 1562 2453 34,
1587 2411 1620 2446 1.
1703 2402 1705 2406 ’

329 2470 388 2514 38,
415 2469 448 2507 9.
496 2468 555 2513 50,
578 2470 614 2504 2.
659 2468 718 2513 58,
738 2467 775 2505 4.
820 2466 878 2507 61,
899 2467 934 2502 4.
980 2464 1038 2511 85,
1061 2465 1096 2504 1.
1142 2466 1224 2510 112,
1239 2466 1275 2500 2.

240 2527 375 2563 Deinde
397 2526 423 2562 i.
445 2539 477 2571 q.
501 2526 539 2562 iu
561 2531 752 2573 posterum,
773 2526 802 2561 1.
825 2524 884 2567 31,
900 2525 958 2563 22.

239 2586 373 2622 Deinde
395 2584 433 2619 iu
454 2585 609 2620 foi-mula
631 2586 721 2620 alius
742 2584 867 2619 deinde
893 2584 992 2624 alius,
1012 2582 1041 2617 Ι.
1064 2581 1123 2624 18,
1145 2581 1181 2616 7.

239 2644 375 2679 Deinde
404 2643 571 2677 omissum
595 2641 657 2675 ubi
679 2640 866 2685 praecessit
883 2640 1045 2686 primum,
1067 2639 1096 2675 1.
1117 2637 1176 2684 45,
1199 2638 1234 2674 2.

242 2701 374 2736 Dehinc
402 2699 426 2736 i.
446 2711 481 2744 q.
498 2699 632 2742 deinde,
655 2700 695 2734 0.
719 2699 754 2742 3,
767 2699 802 2735 2.

240 2757 373 2792 Dehine
393 2757 620 2801 depravatum
634 2767 677 2790 ex
701 2756 792 2797 dein,
811 2756 839 2791 Ι.
854 2755 912 2798 11,
926 2754 962 2790 4.
1009 2752 1067 2796 85,
1084 2753 1118 2788 1.

242 2815 403 2851 Detentus
423 2813 577 2860 genuina
597 2813 762 2849 vocabuli
783 2814 910 2856 forma,
925 2823 994 2848 uon
1009 2813 1166 2854 dilectus,
1189 2810 1230 2846 0.
1252 2809 1310 2855 36,
1331 2808 1366 2848 3.
1383 2847 1396 2854 ,

1116 2176 1199 2221 4,7.

1100 2235 1214 2278 22,.2

1690 2658 1703 2931 ιμ’-φανῶς
1699 2640 1703 2645 .«
1699 2619 1703 2623 ,
1702 2597 1703 2602 Α
