1716 3210
247 190 334 232 158
596 184 644 228 G.
680 185 1030 232 SALLUSTI
1066 187 1294 233 culsm

246 303 426 350 sceleris
475 302 677 347 conscius
727 307 863 359 emet,
912 302 996 348 sed
1052 303 1117 348 uti
1167 305 1424 366 respublica
1475 307 1628 368 quieta

200 407 228 447 3
246 396 389 451 foret,
425 407 538 438 neve
571 406 628 438 ex
659 407 739 438 sua
772 394 1057 440 contentione
1089 394 1250 440 seditio
1283 396 1484 445 oriretur.
1549 387 1627 445 Ab

243 486 317 532 his
366 485 507 546 longe
558 484 760 530 divorsas
810 485 980 531 litteras
1032 485 1091 543 Q.
1133 485 1322 533 Catulus
1367 488 1415 536 in
1459 487 1628 536 Senatu

243 630 297 675 (v.
321 627 485 676 Thucyd.
505 628 535 672 1,
552 627 650 675 13),
674 636 765 674 quae
785 628 1026 673 humanitate,
1055 630 1251 667 litterarum
1279 630 1403 669 studiis
1423 632 1629 680 legibusque

245 690 343 724 clara
363 687 452 729 tuit,
479 687 525 721 ct.
550 686 621 722 Cic.
655 699 689 732 p.
713 687 844 722 Flacco
875 697 906 723 c.
937 688 996 730 26,
1023 687 1081 724 63.
1103 689 1224 725 lustin.
1251 690 1381 734 XLIII,
1408 691 1443 734 4,
1474 692 1511 727 5.
1544 691 1626 727 coll.

245 745 392 782 Moebio
413 745 460 779 ad
483 745 581 779 Caes.
606 745 650 780 B.
675 745 720 781 G.
739 745 767 787 1,
785 746 819 780 1.
846 763 891 770 —-
935 746 1016 781 Non
1047 758 1113 792 quo
1145 748 1222 782 sibi.
1268 748 1329 782 Sic
1358 748 1516 796 plerique
1545 747 1629 785 libri

244 816 350 846 msu.;
370 804 442 838 'sed
472 806 636 848 quattuor
665 803 766 837 codd.
797 814 866 837 non
904 804 995 849 quod
1025 805 1112 847 sibi,
1143 808 1309 840 consueta
1339 806 1469 842 harum
1501 818 1629 842 vocum

245 862 513 909 permutatione.
558 859 729 895 Dictionis
759 859 932 905 originem
955 871 998 895 ac
1020 862 1093 896 vim
1124 873 1248 897 eruere
1278 864 1395 899 conati
1427 869 1507 901 sunt
1528 864 1630 900 Peri—

245 933 323 956 zon.
346 920 391 955 ad
415 919 532 954 Sanct.
555 917 643 952 Min.
663 917 722 959 w,
749 917 806 953 12.
841 929 876 962 p.
904 917 975 953 38⁷
996 931 1047 963 sq.
1081 923 1116 954 et
1139 919 1234 955 cort.
1268 922 1314 956 ad
1338 922 1376 956 h.
1400 923 1446 964 l.‚
1479 931 1628 968 quorum

245 979 310 1013 ille
330 989 406 1012 rem
430 976 513 1011 satis
536 975 746 1020 explicatam
769 974 926 1020 putavit,
961 976 991 1011 si
1013 981 1171 1012 teneatur
1206 989 1246 1013 eo
1279 979 1512 1024 supplendum
1541 990 1629 1021 esse,

245 1036 326 1080 hic,
356 1036 425 1070 ista
447 1034 561 1078 ellipsi
582 1044 651 1067 non
673 1032 849 1073 admissa,
881 1044 947 1077 quo
977 1035 1101 1070 statuit
1130 1046 1193 1080 per
1223 1046 1260 1070 se
1293 1042 1328 1070 et
1350 1035 1387 1070 vl
1419 1037 1507 1086 sexti
1528 1047 1628 1071 casus

245 1094 445 1140 significare
464 1097 605 1137 propter
627 1091 737 1136 quod,
772 1088 796 1124 i.
821 1101 852 1125 e.
877 1091 970 1135 quia.
1017 1093 1154 1136 Quibus
1188 1093 1281 1128 hacc
1315 1094 1392 1128 iure
1425 1094 1649 1143 obscuriora·

243 1162 440 1198 parumque
460 1155 623 1185 accurate
651 1149 829 1193 disputata
850 1147 1080 1194 videbuntur,
1104 1161 1164 1186 eos
1193 1151 1343 1187 meliora
1375 1151 1513 1185 docebit
1533 1151 1625 1196 Aug·-
1648 1147 1653 1154 “

245 1210 416 1246 Matthias
439 1210 483 1243 ad
506 1208 579 1241 Cic.
612 1213 702 1241 orat.
733 1218 766 1250 p.
792 1206 896 1240 Rosc.
929 1205 1007 1241 Am.
1032 1219 1062 1242 c.
1082 1208 1141 1250 48,
1159 1209 1240 1245 141.
1272 1209 1334 1254 qui
1363 1213 1456 1243 recte
1486 1208 1627 1253 praeci-

244 1269 315 1315 pit,
339 1279 406 1301 non
429 1279 494 1312 quo
525 1264 698 1310 originem
721 1262 860 1297 duxisse
882 1264 926 1297 ab
951 1263 993 1299 iis
1016 1266 1333 1311 mundationibus,
1354 1266 1390 1301 in
1412 1266 1537 1311 quibus
1559 1276 1627 1301 non

245 1338 284 1361 eo
300 1344 348 1352 --
363 1325 452 1370 quod
476 1323 592 1357 fuerit.
640 1321 796 1363 Deinde,
818 1332 926 1364 quum
960 1323 1052 1366 quod
1073 1335 1137 1368 pro
1161 1325 1308 1359 relativo
1339 1325 1503 1360 habitum
1526 1327 1626 1365 esset.

245 1385 290 1420 ad
305 1384 522 1418 Graecorum
541 1391 676 1415 morem
696 1391 757 1424 per
779 1378 1023 1413 attractionem
1048 1383 1266 1425 praecedenti
1290 1394 1328 1417 eo
1351 1388 1404 1417 est
1425 1393 1627 1416 accommo-

243 1443 375 1483 datum,
395 1440 493 1484 isque
507 1450 608 1473 casus
624 1441 744 1482 postea
761 1436 812 1471 ibi
829 1449 966 1482 quoque
986 1438 1146 1481 obtinuit,
1164 1440 1227 1474 ubi
1250 1451 1289 1475 eo
1312 1452 1421 1485 neque
1439 1439 1628 1485 praecessit

242 1510 355 1544 neque
381 1496 595 1543 cogitatione
621 1495 852 1540 supplendum
878 1495 956 1531 fuit.
1013 1497 1098 1531 Inde
1120 1497 1341 1542 consequitur
1367 1502 1404 1532 et
1425 1496 1628 1543 Zumptium

243 1568 391 1598 errasse,
415 1555 477 1600 qui
502 1555 661 1588 Gramm.
684 1554 762 1587 Lat.
787 1556 819 1595 §.
839 1553 896 1595 78,
913 1554 948 1588 6.
968 1565 996 1588 c.
1021 1565 1056 1598 p.
1074 1554 1155 1590 399.
1179 1556 1299 1598 docet,
1322 1555 1359 1590 iu
1382 1555 1536 1591 formula
1558 1565 1628 1590 mm

242 1627 308 1661 quo
341 1612 482 1649 relativi
523 1611 718 1646 ablativum
753 1610 952 1656 significare
993 1617 1033 1647 ut
1064 1625 1127 1656 eo,
1165 1617 1199 1648 et
1224 1612 1524 1654 Ramsbornium,
1564 1609 1628 1656 qui

243 1673 405 1707 Gramm.
428 1671 503 1705 Lat.
527 1673 559 1713 §-
582 1669 660 1713 186,
677 1669 717 1704 V.
752 1681 785 1712 p.
812 1668 893 1704 560.
928 1681 1048 1704 seusus
1080 1671 1266 1706 discrimen
1295 1670 1418 1707 'statuit
1439 1669 1530 1705 inter
1559 1680 1629 1704 non

242 1742 308 1777 quo
350 1732 385 1764 et
416 1739 484 1762 non
522 1728 612 1773 quo'd
647 1738 728 1760 cum
758 1726 980 1761 coniunctivo
1019 1728 1259 1770 coniunctum3
1293 1739 1399 1773 quum
1429 1726 1492 1762 bic
1532 1726 1627 1763 enim

239 1788 320 1822 vult
343 1785 588 1827 differentiam,
612 1796 655 1819 ea
680 1783 869 1818 indicativo
892 1784 1025 1827 nititur,
1048 1796 1117 1829 quo
1139 1796 1224 1821 vera
1246 1786 1396 1821 affertur
1417 1795 1566 1828 caussa,
1588 1789 1630 1821 ut

242 1844 414 1881 Matthias
448 1844 474 1877 l.
498 1843 522 1877 1.
556 1841 701 1875 monuit.
767 1842 879 1876 Recte
920 1841 1032 1887 igitur
1069 1842 1218 1877 Beierus
1248 1843 1343 1888 apud
1373 1841 1446 1878 cto.
1478 1843 1523 1877 de
1553 1842 1627 1879 off.

241 1904 305 1946 111,
321 1901 380 1945 22,
400 1906 487 1935 extr.
518 1899 646 1935 edidin
687 1911 826 1945 eoque
859 1901 976 1945 magis
1007 1900 1122 1944 quod
1157 1901 1223 1934 illa
1253 1901 1415 1936 ordinum
1438 1901 1628 1936 coniunctio

243 1962 293 1997 ad
315 1961 467 1995 salutum
489 1958 631 2002 reipubl.
654 1958 786 2003 perti
794 1957 953 1998 nebat5
976 1957 1219 2004 Heusingcrus
1241 1958 1355 2002 enim,
1389 1958 1502 1994 Cottii
1522 1969 1629 2004 prae-

242 2023 343 2064 cepto
366 2017 412 2053 ad
433 2017 469 2051 h.
495 2017 518 2050 l.
544 2016 716 2058 seductus,
739 2027 804 2060 quo
828 2016 891 2049 illa
912 2015 1110 2060 scripserat.
1159 2016 1321 2051 Ceterum
1345 2016 1485 2053 Coi-tiu·
1508 2022 1626 2053 nocuo

241 2078 323 2113 loco
344 2077 396 2111 ita
418 2073 558 2120 ingenio
582 2073 738 2115 indulsit,
762 2077 800 2107 ut
823 2074 929 2108 etiam
955 2079 1042 2109 esset
1064 2073 1138 2109 sine
1160 2074 1260 2108 codd.
1283 2074 1443 2117 attentet,
1466 2075 1627 2111 fidelibus

242 2135 384 2171 asseclis
414 2131 702 2177 obsequentibus,
734 2130 834 2166 nobis
863 2143 933 2167 non
962 2132 1059 2166 item.
1114 2131 1321 2166 Gerlachius
1349 2132 1387 2167 ia
1416 2133 1625 2169 Commenti-

241 2194 321 2228 vol.
338 2193 383 2227 11.
407 2193 446 2226 P.
465 2191 492 2225 1.
516 2202 549 2234 p.
567 2190 648 2225 1⁰9.
676 2189 796 2224 Cottio
819 2188 1022 2231 assentitur,
1044 2193 1224 2233 permotus
1247 2189 1342 2234 turpi
1361 2190 1491 2227 calami
1510 2192 1626 2237 lapsu,

239 2262 310 2297 quo
334 2250 410 2284 cod.
435 2248 529 2283 Med.
545 2248 594 2291 6.,
620 2248 698 2292 snit
719 2258 783 2292 pro
807 2251 895 2282 esset
917 2247 1101 2291 exhibens,
1126 2245 1326 2290 inquinatus
1342 2250 1406 2286 est.

333 2318 420 2342 neve
443 2317 485 2341 ex
507 2317 572 2340 sua
596 2307 707 2351 cont.]
744 2307 900 2349 Curtius,
923 2314 1075 2350 quocum
1108 2303 1237 2338 iterum
1266 2304 1367 2340 nobis
1397 2317 1444 2351 pu
1563 2317 1625 2343 um

239 2369 316 2409 ent,
347 2365 422 2399 vim
453 2375 539 2398 neve
561 2364 754 2409 particulae
775 2365 877 2408 plane
899 2361 1076 2411 neglexit,
1108 2361 1285 2406 explicans
1316 2368 1351 2398 et
1373 2365 1538 2410 musivo
1560 2370 1625 2401 aut

240 2436 321 2467 non,
345 2434 453 2467 quum
475 2422 604 2466 ubique
627 2422 663 2456 in
687 2422 830 2457 consilio
853 2419 1093 2467 significando,
1115 2420 1331 2464 praegressis
1351 2427 1412 2465 ut,
1430 2433 1494 2466 ne,
1516 2427 1558 2458 ut
1578 2435 1624 2458 ne

239 2480 425 2528 particulis
455 2483 489 2514 et
521 2478 686 2525 negativa
717 2478 885 2514 sententia
915 2482 1098 2522 sequente,
1118 2477 1328 2521 probibendi
1349 2481 1476 2515 vocula
1509 2486 1545 2517 et
1566 2492 1626 2526 ne,

242 2539 268 2575 i.
292 2551 324 2574 e.
347 2549 432 2572 neve
454 2548 540 2580 opus
562 2538 618 2571 sit.
663 2537 741 2572 Non
762 2537 953 2581 probamus
984 2539 1103 2570 antem
1126 2535 1283 2580 Zumptii
1302 2537 1526 2581 senteutiam,
1561 2537 1623 2582 qui

244 2598 405 2633 Gramm.
429 2596 506 2630 Lat.
529 2594 676 2638 §.78‚6‚
694 2595 730 2629 b.
753 2598 824 2628 not.
833 2594 866 2628 1.
889 2604 972 2638 pag.
981 2591 1064 2628 398.
1086 2603 1129 2628 ea
1151 2592 1293 2630 ferenda
1313 2599 1430 2630 censet
1449 2596 1622 2640 exempla,

243 2654 429 2699 tibiaeque
445 2657 507 2688 aut
528 2663 591 2686 nec
613 2652 756 2686 illatum
779 2655 844 2694 est,
867 2662 933 2696 pro
955 2662 1040 2686 neue
1061 2654 1124 2687 aut
1144 2663 1230 2694 πως
1252 2652 1492 2697 quaa-omnia,
1513 2665 1622 2699 quum

243 2712 318 2750 sino
347 2710 455 2749 dubio
476 2709 675 2748 scribarum
698 2708 810 2747 errori
831 2710 1041 2757 debeantur,
1074 2710 1284 2758 corrigenda
1310 2709 1510 2748 iudicamus
1540 2723 1622 2749 cun
