1716 3210
243 263 338 291 mv
675 245 1231 302 PRAEFA‘rro.

243 382 329 427 per
362 358 441 411 ubi
470 363 604 410 *nihil
638 367 869 408 enotatum
904 367 973 409 est
1018 377 1125 409 cum
1160 363 1256 409 eius
1289 363 1487 412 editione
1526 380 1639 412 con·

243 448 414 508 spirare
446 444 590 491 videri
623 449 814 503 queant,
856 443 1084 489 interdum
1118 444 1378 505 suspicabar
1410 460 1502 490 non
1536 449 1640 491 satis

244 532 455 574 accurate
490 539 595 570 eum
627 526 912 570 membranas
950 525 1217 581 excussisse,
1253 531 1390 585 atque
1424 527 1641 573 lectiones

242 609 344 653 satis
379 608 520 651 bonas
554 606 631 651 vel
664 605 982 651 memorabiles
1015 604 1280 665 neglexisse.
1362 606 1460 652 Sed
1495 608 1643 653 colla-

243 690 307 733 tio
343 687 447 733 cod.
481 686 644 732 Dresd.
675 693 727 735 et
761 687 897 732 Misn.
934 701 962 731 a
996 685 1232 746 Sohulzio,
1253 686 1311 731 V.
1345 686 1442 746 lll.‚
1478 689 1641 733 eximia

245 774 352 816 'cum
385 769 497 820 ,ciii-a
537 767 684 824 facta,
725 768 788 812 ita
828 774 878 813 ut
920 783 979 812 ne
1023 768 1207 829 minima
1249 767 1435 826 quidem
1470 767 1643 814 discre-

244 850 401 910 pantia
447 847 751 905 desideretur,
794 865 871 894 me
914 847 1095 905 docuit,
1140 847 1464 905 Gerlaehiun„
1499 862 1641 909 quum

246 930 488 976 maximam
521 934 701 990 partem
735 929 900 974 slmiles
933 928 1103 974 horum
1145 927 1288 973 libros
1321 934 1477 974 nactus
1512 936 1642 985 esset,

247 1010 438 1057 consilio
472 1010 534 1054 ita
566 1009 802 1054 instituisse
836 1009 1102 1058 conferendi
1135 1010 1386 1070 negotium,
1420 1016 1471 1055 ut
1505 1010 1643 1055 omis-

246 1093 304 1136 sis
333 1089 663 1135 diversitatibus
697 1106 817 1149 quae
845 1098 952 1153 post
978 1096 1049 1136 tot
1083 1090 1276 1137 collatos
1310 1091 1451 1135 libros
1469 1090 1641 1134 nullam

245 1172 483 1217 utilitatem
517 1170 740 1216 haberent
780 1178 827 1217 et
866 1173 913 1217 ln
946 1172 1121 1216 levibus
1161 1178 1336 1219 tantum
1370 1171 1507 1215 rebus
1540 1187 1643 1215 ver-

245 1259 471 1307 sarentur,
515 1252 716 1311 potiores
757 1254 900 1298 modo
946 1253 1165 1299 lectiones
1206 1258 1405 1308 notaret,
1451 1267 1641 1310 quarum

244 1334 404 1395 paullo
446 1333 592 1380 maior
634 1340 757 1379 oerte
799 1349 901 1378 usus
954 1335 1000 1378 in
1046 1331 1366 1379 constituendis
1417 1333 1643 1392 scriptoris

218 1414 392 1459 -verbis
426 1419 553 1458 esset.
613 1413 755 1469 Quod
789 1429 1066 1473 quamquam
1100 1429 1192 1459 non
1225 1413 1363 1474 plane
1397 1413 1643 1473 vituperari

242 1500 418 1556 potest,
454 1501 606 1541 tamen
639 1495 718 1540 ubi
753 1495 922 1540 selecta
955 1501 1130 1540 tantum
1174 1495 1420 1555 scripturae
1454 1495 1642 1540 varietas

245 1581 312 1621 est
345 1574 595 1635 proposita,
630 1575 703 1620 vix
737 1576 837 1621 fieri
869 1583 1020 1637 potest
1050 1577 1159 1635 quin
1195 1575 1251 1621 ea·
1283 1581 1456 1621 utentes
1499 1576 1641 1636 inter-

244 1655 358 1700 dum
400 1655 641 1710 haereant,
685 1660 731 1699 et
776 1658 824 1701 in
876 1657 1106 1715 quandam
1157 1656 1486 1701 dubitationem
1528 1655 1641 1700 inci-

245 1735 367 1780 dant.
439 1734 754 1790 Quamobrem
787 1738 862 1794 iis,
899 1738 978 1798 qui
1011 1737 1155 1781 varias
1187 1736 1405 1781 lectiones
1438 1736 1640 1796 diligen-

244 1823 313 1862 ter
358 1816 612 1862 examinare
656 1816 827 1873 solent,
872 1817 1000 1863 haud
1033 1818 1262 1877 ingratum
1294 1816 1397 1861 fore
1432 1816 1640 1871 arbitror,

245 1898 282 1943 si
304 1897 634 1943 accuratissima
667 1897 770 1957 eod.
791 1898 953 1944 Droed.
982 1903 1028 1943 et
1047 1897 1182 1943 Misu.
1219 1896 1408 1942 collatio
1428 1895 1490 1941 ad
1510 1911 1640 1942 com-

244 1992 428 2022 munem
462 1992 593 2023 usum
629 1979 890 2040 evulgetur3
924 1979 974 2023 id
1009 1984 1158 2023 autem
1184 1977 1289 2033 fiet,
1323 1992 1464 2036 quum
1503 1977 1640 2022 abso-

244 2057 343 2102 luto
378 2058 522 2102 altero
555 2058 802 2118 volumine,
836 2061 965 2120 quod
986 2057 1259 2121 Iugurtham
1293 2063 1339 2103 et
1362 2058 1640 2119 Fragmenta

245 2153 351 2184 eum
394 2139 615 2185 indicibus
654 2143 926 2198 continebit,
971 2141 1034 2185 ad
1076 2140 1260 2186 tertium
1305 2138 1639 2186 conficiendum

244 2234 338 2264 non
371 2219 568 2266 defuerit
594 2223 757 2268 otium.
828 2223 903 2269 Eo
937 2223 1072 2280 enim,
1106 2220 1234 2280 quod
1267 2220 1397 2279 quasi
1427 2234 1517 2280 pro
1551 2233 1637 2279 ap-

245 2299 442 2361 pendice
484 2302 558 2346 vel
602 2310 784 2349 nostrae
822 2303 900 2348 vel
942 2301 1185 2349 cuiuslibet
1230 2300 1437 2347 editionis
1479 2299 1639 2344 haberi

245 2381 410 2437 velim,
451 2383 687 2428 consilium
721 2390 790 2428 est
823 2399 1000 2438 omnoe,
1046 2387 1272 2441 quotquot
1306 2381 1437 2426 variis
1472 2380 1638 2426 editio-

245 2462 376 2506 nibus
410 2462 628 2509 libellisve
663 2470 927 2518 notuerunt,
969 2462 1113 2507 varias
1147 2462 1388 2521 scripturas
1422 2461 1638 2506 collectas

246 2543 586 2603 commodoque
621 2547 782 2591 ordine
815 2544 1055 2604 dispositas
1089 2543 1330 2597 exhibere,
1373 2558 1521 2600 neque
1554 2557 1636 2586 ve-

245 2638 364 2679 reor,
398 2639 457 2668 ne
491 2626 589 2684 quis
623 2633 727 2686 post
761 2623 996 2671 Gerlachii
1041 2639 1197 2669 curam
1240 2622 1406 2668 eidem‘
1435 2623 1501 2666 rei
1549 2621 1637 2666 im-

247 2719 436 2764 pensam
478 2704 572 2751 hoc
619 2722 780 2766 parum
823 2705 932 2750 utile
981 2719 1038 2750 ac
1081 2718 1462 2765 supervacaneum
1499 2702 1634 2748 «licat.

246 2787 366 2840 Nam
401 2792 450 2834 ut
484 2794 686 2842 taceam,
722 2788 861 2833 Italos
896 2786 1082 2833 codices
1113 2782 1436 2831 difficillimum
1471 2789 1517 2829 et
1547 2784 1637 2829 im-
