1716 3210
212 247 298 292 lue
567 243 613 284 C.
644 242 1243 287 SALL-USTICR-TSPI

209 359 380 405 tilinam
423 359 625 404 oratione
667 356 824 402 habita
871 374 1010 417 quum
1045 359 1105 403 ad
1140 360 1207 404 ius
1239 361 1477 407 iurantium
1511 377 1602 422 po-

208 452 379 511 pularis
415 450 595 496 sceleris
637 451 706 495 sui
740 449 970 511 adigeret,
1015 450 1202 496 humani
1251 454 1454 513 corporis
1498 470 1601 498 san-

208 544 396 605 guinem
455 543 559 589 vino
611 542 884 605 permixtum
935 543 982 589 in
1036 544 1204 605 pateris
1259 545 1601 599 ciremutulisse3

207 754 312 799 verti,
335 755 571 802 eijcribatur
593 767 670 792 eum
695 768 733 791 eo
757 757 893 791 consule
916 768 974 800 ee,
1005 759 1062 793 vel
1085 761 1125 794 ut
1155 761 1206 795 est
1232 758 1270 793 in
1293 756 1373 794 aliis
1394 756 1514 801 libris,
1538 758 1600 792 de-

206 813 318 849 terius
348 814 394 848 ad
430 816 619 850 verborum
657 815 837 858 ordinem,
875 827 904 849 c.
929 826 968 849 eo
998 827 1035 850 se
1067 829 1156 853 cons.
1224 818 1360 852 Eodem
1392 814 1600 851 fere'modo

209 870 420 907 Gerlachius
442 874 628 920 vulgatam
652 872 826 914 defendit,
850 874 910 908 sed
941 873 1034 919 Aug.
1058 875 1280 921 Schlegelius
1303 885 1326 909 a
1348 885 1434 908 vero
1458 885 1601 918 prorsus

207 928 410 972 aberravit,
432 930 494 976 qui
517 931 554 965 in
577 930 741 965 Seebodii
764 930 860 965 Bibl.
887 930 971 964 erit.
997 942 1028 967 a.
1047 932 1149 967 1819.
1185 932 1230 967 Τ.
1249 933 1295 968 11.
1318 944 1354 976 p.
1373 931 1455 966 720.
1478 932 1600 976 legeu-

206 985 294 1021 dum
325 991 442 1022 censet
474 1001 551 1023 cum
582 1001 622 1024 eo
654 990 804 1024 consule.
831 1008 878 1014 -
919 990 990 1023 Pro
1025 990 1200 1034 increpat,
1233 990 1326 1034 quod
1357 989 1600 1023 tantummodo

205 1047 321 1081 exstat
350 1044 389 1079 iu
420 1046 552 1082 Guelff.
577 1046 611 1081 3.
635 1045 670 1080 5.
694 1046 729 1080 6.
755 1045 811 1080 11.
853 1046 938 1080 Bas.
965 1046 999 1081 3.
1031 1046 1166 1090 aliquot
1196 1047 1326 1082 Palatt.
1358 1047 1464 1082 Bern.
1491 1046 1528 1082 2.
1561 1049 1600 1081 et
1670 1063 1673 1072 v

205 1100 297 1137 Tur.
315 1102 365 1147 2.,
387 1103 512 1138 relicui
535 1107 652 1139 tenent
673 1104 897 1149 increpabat,
922 1104 1015 1148 quod
1038 1104 1136 1138 haud
1159 1103 1266 1138 dubie
1287 1102 1516 1138 librariorum
1537 1106 1599 1145 est,

203 1171 293 1204 quos
325 1160 486 1196 Sallustii
522 1173 618 1206 mos,
652 1161 764 1197 variis
794 1161 831 1198 in
863 1162 1039 1197 narrando
1081 1162 1302 1207 temporibus
1328 1160 1467 1204 utendi,
1490 1160 1599 1208 fugit.

203 1227 239 1253 v.
263 1218 308 1253 ad
331 1230 362 1255 c.
386 1219 468 1262 XX,
492 1219 530 1255 2.

297 1276 413 1312 XXII.
461 1279 494 1322 §-
518 1278 554 1313 ls
598 1278 799 1325 popularis]
841 1277 1016 1313 Permulti
1048 1277 1185 1312 codices
1216 1276 1383 1311 exhibent
1409 1277 1598 1322 populares

204 1334 365 1377 conscios,
389 1334 460 1368 duo
480 1346 560 1380 pop.
585 1337 712 1379 socios,
736 1341 923 1381 utrumque
946 1348 988 1371 ex
1011 1335 1292 1380 interpolatione.
1336 1335 1428 1371 Nam
1449 1337 1598 1380 popula-

203 1392 254 1426 ris
275 1392 399 1436 paullo
420 1392 557 1427 rariore
578 1394 834 1440 significatione
857 1396 954 1430 valet
976 1395 1128 1436 socium5
1157 1394 1205 1432 cf.
1230 1393 1324 1428 infre.
1354 1405 1386 1427 e.
1408 1393 1539 1438 XXIV,
1562 1393 1596 1428 1.

202 1449 295 1496 quod
310 1452 451 1494 factum
470 1451 584 1495 primo
604 1453 786 1496 popularis
808 1453 1056 1486 coniurationis
1078 1457 1304 1487 concusserat.
1342 1451 1428 1486 Ter.
1451 1451 1597 1487 Phorm.

201 1496 336 1549 1,1'.1.
367 1507 499 1543 amicus
529 1520 682 1544 summus
714 1521 811 1545 meus
844 1515 879 1546 et
907 1510 1089 1556 popularis
1124 1510 1236 1552 Geta,
1269 1510 1331 1545 ubi
1354 1521 1389 1544 v.
1413 1511 1539 1547 Donat.
1561 1514 1598 1546 et

200 1565 386 1611 Eugraph.
432 1566 600 1611 Apposite
630 1568 740 1602 etiam
763 1569 926 1603 Donatus
954 1568 999 1603 ad
1022 1567 1170 1611 Adelph.
1190 1567 1236 1607 11,
1254 1567 1287 1609 l,
1310 1568 1343 1603 1.
1376 1569 1466 1604 haec
1489 1580 1597 1604 unno-

200 1625 274 1659 tan
297 1624 541 1668 „popularitas
563 1624 600 1658 in
623 1625 737 1660 omnis
758 1627 810 1661 rei
835 1626 1050 1661 consortium
1073 1625 1262 1660 sumitur.“
1295 1625 1408 1661 Con-r.

293 1681 477 1727 adigeret]
501 1682 556 1716 lta
566 1683 702 1718 Cortius
719 1695 740 1718 e
756 1684 955 1720 coniectura
972 1683 1093 1725 edidit,
1113 1694 1218 1730 quam
1243 1687 1364 1726 postea
1386 1683 1484 1720 codd.
1494 1683 1591 1719 Leid.

199 1736 242 1773 A.
266 1737 308 1773 C.
330 1741 365 1772 et
387 1738 500 1773 Oxou.
526 1740 787 1776 confirmarunt.
835 1740 990 1777 Plurimi
1021 1744 1140 1775 tamen
1176 1739 1259 1774 libri
1283 1741 1449 1775 exhibent
1477 1742 1610 1775 adice-v

198 1799 274 1837 ret,
308 1794 429 1829 decem
463 1796 653 1833 addiceret.
708 1798 802 1833 Illud
833 1798 1045 1834 Gerlachius
1073 1797 1227 1841 recepit,
1257 1797 1432 1835 scribendi
1460 1801 1596 1834 tautum

197 1853 336 1887 ratione
358 1854 404 1888 ab
428 1854 593 1899 adigeret
621 1854 799 1890 diversum
823 1867 975 1896 censens,
1021 1855 1093 1892 Sed
1124 1865 1339 1899 quamquam
1370 1859 1506 1890 certum
1527 1859 1593 1898 est,

198 1910 325 1955 priscis
359 1911 576 1955 temporibus
607 1924 625 1947 o
658 1911 765 1949 etiam
796 1925 825 1959 g
862 1914 1004 1949 litterae
1045 1911 1141 1946 vices
1171 1911 1397 1956 sustinuisse,
1427 1924 1464 1948 v.
1488 1913 1592 1947 Conr.

197 1969 307 2015 Leop.
343 1968 550 2005 Schneideri
585 1970 745 2010 Gramm.
779 1972 856 2008 Lat.
884 1972 913 2015 Ι,
942 1971 976 2007 1.
1007 1983 1047 2016 p.
1074 1970 1147 2005 232
1170 1981 1267 2014 sqq„
1308 1973 1426 2005 tamen
1456 1971 1595 2004 nullum

197 2027 393 2078 vestigium
416 2028 554 2063 adicere
577 2029 677 2063 verbi
704 2041 770 2077 pro
803 2031 951 2076 adigere
981 2032 1111 2071 exstat,
1143 2039 1256 2072 neque
1285 2028 1370 2063 satis
1399 2031 1494 2062 recte
1513 2027 1594 2062 Rc-

199 2085 299 2120 mani
320 2085 370 2121 ita
392 2085 546 2120 scribere
567 2087 722 2132 potuisse
746 2087 929 2128 videntur,
952 2097 997 2120 ne
1019 2087 1167 2132 adigere
1190 2097 1271 2120 cum
1294 2085 1467 2127 adiicere,
1499 2084 1594 2129 quod

197 2143 342 2187 antique
375 2144 514 2179 adicere
546 2145 785 2187 scribebatur,
818 2145 1097 2179 confunderetur.
1144 2143 1264 2188 Quum
1294 2147 1413 2176 autem
1444 2142 1592 2187 adigere

197 2202 248 2236 ad
270 2202 512 2236 iusiurandum
535 2201 572 2236 in
594 2203 787 2238 formulam
820 2203 1014 2237 solemnem
1037 2201 1186 2243 abierit,
1219 2203 1314 2234 recte
1335 2199 1475 2234 (lortius
1495 2198 1591 2233 iudi-

196 2258 291 2293 cavit
314 2271 515 2303 perversam
536 2259 709 2295 librorum
731 2261 942 2305 scripturam
965 2271 1034 2295 non
1056 2258 1238 2293 ferendam
1261 2268 1348 2292 esse.
1383 2257 1438 2292 Cf.
1461 2256 1586 2292 Davis-

160 2361 162 2363 .
196 2317 243 2352 ad
267 2317 365 2351 Caes.
388 2318 432 2353 B.
457 2318 500 2352 G.
520 2318 595 2362 vn,
614 2319 672 2354 67.
692 2319 725 2354 1.
759 2319 914 2354 omnibus
938 2318 987 2352 ad
1018 2316 1262 2352 iusiurandum
1284 2316 1433 2350 adactis·
1479 2315 1591 2349 Plura

196 2375 341 2420 collegit
376 2375 532 2420 Langius
567 2377 611 2411 ad
644 2377 681 2411 h.
714 2378 738 2411 1.
770 2377 867 2411 velut
898 2376 997 2412 Caes.
1029 2374 1073 2408 de
1095 2374 1141 2411 Β.
1172 2374 1212 2407 C.
1241 2373 1270 2416 1,
1287 2372 1355 2408 w.
1388 2374 1463 2418 ipse
1496 2372 1590 2406 idem

195 2433 437 2468 iusiurandum
461 2435 578 2480 adigit
610 2435 807 2478 Afranium.
841 2434 886 2475 11,
909 2432 966 2467 28.
1008 2432 1225 2477 provinciam
1259 2441 1394 2465 omnem
1414 2429 1595 2462 iusiuran-

197 2491 280 2524 dum
323 2491 505 2536 adigebat.
571 2492 692 2527 lustin.
721 2492 821 2532 vm,
845 2489 882 2526 4.
922 2489 1042 2524 Senee.
1085 2490 1151 2534 Ep.
1187 2490 1310 2524 XCVI.
1369 2487 1455 2523 Alia
1490 2486 1589 2522 dabit

196 2548 400 2584 Schellerus
430 2549 469 2583 in
489 2549 573 2583 Lex.
598 2550 715 2593 Ampl.
750 2560 784 2593 p.
811 2548 892 2583 232.
937 2548 1101 2582 Ceterum
1137 2548 1329 2582 notandum
1351 2545 1390 2579 in
1411 2545 1481 2579 hac
1503 2555 1588 2579 con-
1608 2595 1610 2597 ι

195 2606 386 2642 structione
408 2606 456 2640 ad
478 2606 771 2651 praepositionem
796 2605 892 2640 haud
914 2616 997 2639 raro
1021 2604 1157 2647 omitti,
1181 2616 1214 2639 v.
1239 2606 1395 2649 Herzog.
1406 2595 1464 2637 ‘ad
1485 2602 1584 2637 Ones-

195 2663 241 2699 Β.
266 2664 311 2699 G.
337 2664 412 2706 vu,
432 2663 513 2706 δί,
545 2667 580 2697 et
614 2662 777 2697 Bromius
811 2662 856 2696 ud
879 2661 965 2706 Nep.
1000 2661 1105 2696 Attio.
1126 2662 1240 2703 XXII,
1262 2662 1295 2696 1.
1331 2660 1464 2706 pariter
1485 2664 1526 2694 ut
1548 2659 1586 2693 in

198 2721 356 2756 formula
384 2720 532 2767 adigere
569 2721 720 2769 aliquem
758 2720 948 2763 arbitrum,
985 2720 1030 2755 de
1061 2730 1131 2765 qua
1168 2719 1243 2768 egit
1275 2719 1356 2756 Car.
1388 2717 1504 2755 Beier,
1538 2716 1584 2752 ad

199 2779 273 2816 cic.
298 2777 371 2815 off.
387 2779 448 2824 m,
468 2778 525 2823 ιο,
545 2777 604 2814 cc.
