1716 3210
190 225 218 255 1
367 231 372 235 -
535 183 537 185 ¹
614 210 1172 261 PRAEFArio

188 330 404 389 tationes,
457 343 570 388 quas
613 328 807 373 libenter
859 329 1178 387 (misissemus,
1220 346 1363 392 quum
1407 331 1470 378 ad
1511 346 1585 379 ren

187 409 441 471 pertineant
486 424 649 470 parum
694 410 933 465 obscuras,
977 415 1023 454 et
1064 409 1111 455 in
1151 411 1314 470 quibus
1355 414 1583 459 neminem

170 489 378 536 haerere
423 489 498 534 vel
540 504 690 535 errare
722 501 859 551 posse
903 495 1112 550 putares3
1153 490 1237 539 sed
1270 504 1411 552 quum
1441 507 1503 540 ne
1534 495 1582 539 in

186 569 258 614 his
299 571 540 615 levioribus
585 570 772 631 quidem
819 585 893 615 eas
929 570 1175 631 editiones,
1219 587 1339 633 quae
1381 575 1583 620 omnium

185 651 391 695 manibus
411 658 627 708 teruntur,
646 644 848 713 peccatis
867 651 1087 702 immunes
1101 654 1320 711 viderem,
1335 664 1426 700 non
1445 669 1584 716 prae-

185 731 455 775 tereundum
490 733 660 792 putavi,
683 735 791 792 quin
825 732 935 776 talia
970 748 1155 793 quoque
1188 741 1406 781 notarem.
1442 735 1584 781 Cete-

185 825 286 855 rum
311 813 573 872 neutiquam
601 815 638 860 is
670 829 783 870 sum,
809 814 887 873 qui
909 814 1103 859 aliorum
1137 829 1311 861 errores
1339 815 1580 877 exagitem,

184 891 303 936 bene
336 893 517 938 inventa
551 909 660 940 vero
701 896 900 955 sciteque
931 897 1169 941 observata
1202 910 1411 957 spernam
1444 901 1583 955 atque

184 972 435 1033 negligam.
525 975 687 1034 Neque
732 978 852 1021 enim
900 990 1058 1022 eorum
1102 991 1202 1022 mos
1255 976 1369 1021 mihi
1412 977 1582 1038 placet,

183 1053 264 1110 qui
305 1053 352 1097 in
399 1054 585 1100 edendis
629 1058 922 1117 scriptoribus
955 1058 1017 1112 ⁵id
1061 1057 1380 1103 studiosissime
1422 1062 1579 1118 agunt,

183 1139 234 1177 ut
280 1133 480 1180 inaudita
527 1143 577 1183 et
621 1138 854 1199 incognita
895 1139 1155 1199 proferant,
1200 1139 1275 1183 vel
1321 1137 1580 1184 eruditionis

182 1214 476 1260 ostentandae
521 1232 700 1274 caussa,
754 1220 828 1264 vel
872 1226 923 1264 ut
948 1218 1182 1265 acuminis
1223 1218 1394 1279 ingenii
1436 1217 1579 1263 fidem

181 1296 280 1341 aliis
323 1297 514 1355 faciant,
574 1313 744 1357 parum
789 1299 962 1345 scilicet
1013 1305 1218 1346 curantes
1264 1306 1416 1343 utrum
1467 1313 1577 1343 vera

181 1378 268 1421 sint
301 1393 419 1436 quae
454 1378 672 1435 doceant,
707 1395 874 1437 necne,
908 1381 944 1426 si
979 1380 1121 1426 modo
1155 1394 1275 1424 nova
1309 1368 1574 1425 habeantur.

181 1457 303 1513 Quin
337 1459 490 1517 potius
524 1459 588 1502 ita
623 1473 814 1519 censeo,
861 1475 1004 1518 quum
1045 1452 1261 1519 cuiusque
1302 1459 1488 1519 editoris
1521 1458 1577 1504 sit

108 1581 110 1583 ,
179 1539 390 1598 scriptori
425 1540 488 1584 ita
521 1541 772 1597 consulere,
807 1547 856 1586 ut
890 1542 941 1586 iis
976 1541 1055 1600 qui
1075 1541 1234 1602 legant
1267 1540 1409 1585 multa
1441 1543 1576 1584 antea
1638 1579 1641 1585 r

177 1620 349 1664 incerta
384 1635 475 1664 non
522 1620 719 1681 amplius
760 1621 900 1667 dubia
933 1623 1042 1681 sint,
1088 1621 1363 1679 omninoque
1396 1619 1575 1665 facilior

177 1699 239 1743 ad
281 1700 564 1746 intellectum
607 1701 754 1746 aditus
794 1707 971 1761 pateat,
1017 1716 1192 1746 summa
1234 1715 1344 1747 cura
1391 1711 1524 1760 quae'
1543 1715 1573 1745 a

175 1780 404 1840 prioribus
448 1789 572 1828 recte
617 1782 856 1829 constituta
910 1782 996 1826 sint
1045 1781 1377 1842 explorandum
1428 1781 1574 1841 iisque

175 1861 238 1906 ita
273 1861 493 1909 utendum
527 1879 636 1920 esse,
671 1869 724 1909 ut
755 1862 952 1917 lectores
986 1862 1046 1907 ab
1080 1862 1181 1908 aliis
1212 1862 1381 1908 utiliter
1413 1862 1573 1909 inven-

174 1942 231 1987 tis
265 1943 511 2003 commode
551 1944 642 1990 frui
686 1945 871 2008 possint.
939 1942 1255 1999 Quamobrem
1286 1956 1430 2002 quum
1460 1943 1576 2004 plu·

174 2025 290 2069 rima
324 2039 353 2070 a
388 2024 572 2081 Cottio,
607 2040 758 2086 panca
790 2025 925 2070 etiam
961 2025 1021 2069 ab
1055 2023 1153 2068 aliis
1188 2029 1401 2070 annotata
1430 2022 1574 2069 vidis-

173 2121 284 2162 sem,
318 2121 438 2165 quae
459 2105 519 2150 ad
541 2106 743 2151 Sallustii
772 2104 993 2165 loquendi
1020 2103 1409 2161 consuetudinem,
1441 2103 1571 2151 haud

174 2201 277 2231 raro
345 2187 621 2248 singularem
677 2194 723 2235 et
777 2203 807 2233 a
857 2187 1035 2247 vulgari
1098 2199 1183 2230 usu
1245 2183 1571 2244 discedentem,

107 2265 111 2267 “
171 2267 482 2313 illustrandam
514 2270 817 2328 pertinerent,
851 2267 1114 2324 faciendum
1146 2265 1333 2326 putavi,
1364 2273 1416 2312 ιιι
1449 2281 1570 2326 quae

173 2365 228 2396 ex
272 2349 345 2394 his
377 2365 484 2395 cum
530 2350 682 2396 fructu
726 2351 786 2395 ab
821 2347 1182 2394 adolescentibus
1225 2346 1441 2407 cognosci
1474 2361 1568 2407 pu»-

168 2435 341 2484 tarem‚
384 2430 460 2475 vel
496 2445 655 2476 eorum
688 2431 878 2476 Latinae
911 2429 1097 2489 linguae
1129 2427 1360 2473 scientiam
1394 2441 1569 2488 augere

170 2516 371 2570 possent,
406 2526 461 2556 ea
494 2511 760 2571 reciperem?
783 2517 829 2556 et
862 2511 909 2555 in
943 2525 1046 2554 usus
1079 2523 1206 2554 meos
1237 2513 1562 2553 converterem.

170 2591 299 2636 'Raro
331 2598 486 2637 tamen
518 2592 717 2653 integras
745 2591 889 2637 Cortii
911 2597 1040 2635 notas
1074 2588 1275 2644 exhibui,
1307 2601 1451 2646 quum
1483 2585 1565 2631 ille

171 2674 444 2734 plerumque
485 2673 592 2717 talia
635 2672 964 2727 admiscuisset,
1011 2685 1136 2729 quae
1169 2685 1199 2714 a
1241 2674 1394 2712 nostro
1433 2666 1562 2711 iusti-

172 2761 271 2800 tuto
305 2754 451 2799 aliena
486 2759 656 2807 essent3
692 2751 769 2797 his
810 2752 950 2813 igitur
983 2750 1154 2796 omissis
1187 2764 1282 2795 non
1313 2752 1431 2807 puto
1460 2745 1568 2791 fore
