1716 3210
270 251 354 292 128
618 247 666 287 C.
704 242 1048 289 SALLU'STI
1083 249 1310 293 cRISPl

268 379 449 424 semper
481 361 634 408 intenti
668 362 903 422 paratique
938 370 1092 419 essent,
1128 364 1222 410 dies
1248 369 1489 428 noctisque
1521 371 1644 415 festi—

267 472 396 511 nare,
430 453 644 513 vigilare,
691 467 840 512 neque
882 454 1108 503 insomniis
1150 470 1300 516 neque
1319 458 1498 505 'labore
1540 462 1642 506 fati-

215 558 243 600 3
266 549 378 609 gari.
447 547 682 590 Postremo
726 546 806 590 ubi
849 547 992 590 multa
1040 549 1243 608 agitanti
1267 549 1380 594 nihil
1422 553 1642 610 procedit.

263 654 413 685 rursus
445 638 707 697 intempesta
740 643 874 683 nocte
908 639 1219 685 coniurationis
1260 642 1488 702 principes
1533 657 1642 699 con—

207 744 236 784 4
262 738 396 777 vocat
441 743 527 790 per
570 728 640 773 M.
683 728 895 773 Porcium
940 730 1162 788 Laecam,
1207 732 1360 791 ibique
1403 718 1544 778 multa
1585 735 1643 779 de

260 824 442 885 ignavia
485 832 642 867 eorum
685 827 886 880 questus,
933 822 1066 870 docet
1109 824 1160 870 se'
1190 823 1413 871 Manlium
1445 828 1639 888 praemi-

259 996 467 1036 occuparet‚·
514 991 715 1036 itemque
762 991 971 1036 Dumnorigi
996 1010 1041 1017 —
1069 995 1111 1027 ut
1150 992 1268 1027 idem
1302 996 1500 1029 'conaretur
1547 998 1641 1039 per·—

260 1051 440 1085 suadet.
487 1048 748 1093 Perspicuitatis
772 1047 864 1081 enim
897 1059 1021 1083 caussa
1044 1053 1168 1084 auctor
1188 1044 1330 1095 repetiit
1350 1052 1522 1094 verbum,
1549 1053 1641 1095 quod

259 1109 381 1144 abesse
403 1100 558 1152 poteratg
593 1105 824 1150 persuadendi
855 1109 973 1139 autem
1005 1106 1180 1142 obiectum
1211 1118 1320 1153 quum
1352 1109 1436 1143 item
1466 1108 1642 1153 particula

258 1176 330 1201 non
350 1164 579 1205 contineatur,
602 1164 696 1198 idem
719 1174 908 1206 pronomen
930 1164 1074 1199 addidit,

350 1226 383 1266 §-
404 1222 440 1257 3.
485 1223 596 1256 multa
628 1221 807 1266 agitanti]
848 1221 946 1255 Bene
973 1223 1149 1256 -Miillerus
1189 1221 1356 1265 coniecit,
1395 1221 1457 1257 hie
1491 1221 1639 1257 strictim

257 1283 357 1329 tangi
381 1279 551 1316 Catilinae
573 1279 757 1314 consilium
781 1281 816 1312 et
838 1278 1022 1313 Praeneste
1045 1279 1247 1323 occupandi,
1269 1280 1362 1324 quod
1385 1280 1508 1315 Cicero
1531 1281 1640 1316 refert

257 1346 346 1376 orat.
377 1336 415 1374 in
449 1334 553 1372 Catil.
579 1338 607 1379 Ι,
631 1337 666 1376 3,
695 1336 728 1372 8.
762 1342 797 1372 et
820 1338 998 1381 Capuam,
1031 1338 1074 1370 de
1105 1348 1176 1381 qua
1207 1349 1247 1372 re
1269 1338 1354 1373 dicit
1383 1338 1544 1373 'oratione
1576 1350 1640 1383 pro

249 1399 352 1436 Sext.
371 1397 406 1440 4,
425 1396 450 1431 9
470 1406 521 1440 sq.
539 1414 586 1420 —-
618 1395 831 1440 Intempesta
853 1401 950 1430 nocte
974 1395 1207 1430 liunhardtus·
1223 1396 1372 1431 mirifice
1394 1396 1640 1440 iuterpretatur

253 1457 464 1504 procellosa,
488 1453 581 1498 quod
599 1464 671 1487 non
693 1454 798 1488 modo
821 1453 1008 1498 analogiae
1030 1456 1223 1499 repugnat,
1246 1455 1307 1488 sed
1329 1453 1439 1490 etiam
1468 1455 1638 1489 constanti

249 1514 338 1551 *usui
365 1512 513 1549 dicendi.
570 1511 737 1546 Veterum
769 1506 1018 1556 explicationes
1055 1511 1161 1546 huius
1198 1513 1364 1547 vocabuli
1394 1518 1473 1548 tam
1504 1511 1588 1548 Ger.
1611 1515 1636 1548 1.

251 1573 396 1610 Vossius
427 1568 608 1613 exhibuit,
647 1569 804 1615 Etymol.
835 1580 872 1613 Ρ,
899 1569 1002 1611 513.,
1035 1572 1111 1603 tum
1134 1570 1274 1604 Cottius
1297 1571 1344 1606 ad
1370 1572 1407 1606 ln
1430 1572 1485 1615 1.;
1518 1583 1562 1606 ex
1595 1571 1639 1606 iis

250 1631 455 1670 Macrobius
476 1626 574 1663 vocis
597 1630 803 1671 potestatem
835 1626 970 1671 optime
993 1626 1207 1671 perspexisse
1229 1628 1386 1672 videtur,
1410 1629 1472 1674 qui
1495 1629 1635 1665 saturn.

250 1692 281 1735 1,
297 1691 333 1726 3.
355 1689 403 1724 Τ.
424 1689 451 1722 1.
478 1698 519 1731 p.
546 1684 626 1719 2⁰9.
650 1685 714 1726 Ed.
738 1684 818 1728 Bip.
854 1686 1095 1729 intempestum
1128 1685 1238 1721 tradit
1270 1697 1346 1721 esse
1379 1687 1480 1731 quasi
1512 1689 1637 1722 intem-

248 1748 441 1795 pestivum,
471 1746 679 1787 noctemque
708 1741 952 1787 intempestam
976 1741 1067 1784 dici,
1096 1741 1183 1786 quia
1215 1753 1285 1777 non
1315 1744 1449 1780 habeat·
1474 1738 1637 1780 idoneum

248 1813 385 1850 tempus
429 1799 533 1837 rebus
576 1799 735 1846 agendis.
798 1800 957 1834 Eandem
999 1799 1264 1844 explicationem
1303 1802 1400 1845 prius
1437 1803 1638 1846 prodiderat

248 1863 369 1903 Aelius
390 1860 483 1906 apud
505 1859 709 1899 Varronem,
733 1855 776 1891 de
797 1858 837 1892 L.
863 1858 902 1892 L.
926 1858 968 1900 V,
988 1858 1023 1894 2.
1040 1866 1157 1901 ’quem
1180 1858 1382 1894 Macrobius
1405 1863 1541 1895 secutu-
1564 1872 1638 1895 esse

247 1923 398 1958 videtur.
444 1919 524 1954 Non
555 1917 706 1951 multum
738 1914 847 1949 etiam
877 1913 998 1950 differt
1028 1914 1145 1949 Servii
1166 1915 1355 1958 sententia,
1378 1917 1440 1968 qui
1463 1919 1508 1952 ad
1531 1918 1630 1964 virg.

249 1982 336 2017 Aen,
360 1979 423 2020 111,
451 1975 533 2012 587.
567 1975 658 2009 haec
690 1972 890 2008 annotavit:
921 1982 1025 2015 „nox
1053 1971 1265 2016 intempesta
1295 1973 1402 2009 dicta
1424 1978 1477 2010 est
1507 1976 1635 2019 media,

246 2043 418 2082 tanquam
446 2033 665 2069 inactuosa.“
704 2029 919 2075 Intelligitur
949 2040 992 2063 ex
1021 2029 1079 2064 his
1107 2030 1350 2075 intempestum
1382 2043 1452 2067 non
1483 2033 1635 2068 otiosum

246 2107 322 2132 esse
343 2092 455 2129 noctis
475 2091 668 2136 epitheton,
690 2089 750 2124 sed
773 2098 816 2122 co
838 2086 1033 2132 significari
1059 2093 1282 2132 provectam,
1309 2089 1457 2124 multam
1470 2115 1482 2132 ,
1511 2101 1635 2125 concu-

247 2156 342 2191 biam·
357 2156 503 2192 noctem,
526 2159 616 2193 quae
637 2147 747 2192 vulgo
768 2145 887 2180 media
909 2156 978 2179 nox
994 2144 1138 2181 dicitur.
1168 2145 1300 2180 Parum
1322 2145 1434 2191 igitur
1454 2158 1633 2183 commen—

247 2211 399 2248 dationis
428 2208 536 2243 habet
566 2204 673 2239 Festi
694 2202 955 2247 interpretatio,
988 2202 1050 2247 qui
1088 2202 1192 2237 dicitz
1223 2202 1466 2248 intempestam
1494 2210 1631 2241 noctem

245 2269 396 2306 dicimus
425 2277 491 2312 pro
513 2263 694 2299 incertiore
716 2266 887 2306 tempore,
921 2260 1005 2304 quia
1036 2271 1106 2295 nou
1135 2264 1208 2295 tam
1237 2260 1347 2295 facile
1377 2262 1496 2298 noctis
1520 2263 1632 2299 horae

245 2337 354 2372 quam
385 2323 457 2359 diei
484 2325 628 2367 possunt
663 2319 829 2367 intelligi.
884 2318 1044 2354 Ceterum
1084 2317 1131 2351 cf.-
1154 2316 1262 2353 etium
1289 2318 1554 2357 Drakenborch.
1585 2321 1631 2358 ad

243 2384 323 2422 Liv.
345 2382 526 2424 XXXVII,
548 2380 606 2421 14,
627 2379 663 2414 3.

336 2444 370 2485 §.
392 2440 427 2475 4.
471 2450 535 2484 per
567 2439 618 2472 M.
645 2436 803 2471 Porcium
837 2433 1013 2478 Laecam]
1049 2432 1204 2468 Offendit
1234 2432 1332 2470 viros
1361 2434 1499 2478 doctos,
1525 2435 1628 2480 quod.
1642 2429 1649 2440 ¹

241 2510 352 2545 quum
374 2497 496 2531 Cicero
528 2498 647 2539 aperte
670 2494 763 2529 dicat
795 2492 994 2526 coniuratos
1027 2491 1120 2535 apud
1143 2491 1293 2527 Laecam
1324 2492 1453 2536 fuisse,
1485 2493 1556 2538 (cf.
1587 2504 1624 2538 p.
1637 2535 1643 2538 ι

242 2557 345 2593 Sulla
371 2566 403 2590 c.
420 2553 479 2598 18,
500 2553 558 2587 52.
582 2557 616 2587 et
638 2552 675 2585 in
698 2551 802 2587 Catil.
822 2551 851 2593 1,
868 2549 903 2591 4,
919 2548 974 2593 9.)
1006 2547 1263 2593 Sauustiusque
1297 2549 1372 2595 ipse
1404 2549 1500 2585 idem
1529 2550 1627 2585 haud

241 2614 389 2650 obscure
427 2611 535 2645 verbo
574 2610 690 2654 ibique
729 2608 920 2654 significet,
950 2617 1014 2651 per
1045 2605 1200 2641 Laecam
1240 2608 1422 2648 convocati„
1453 2606 1624 2651 dicautur,

239 2671 393 2718 primum
407 2668 491 2714 quia
505 2667 689 2713 indignum
709 2667 814 2711 plane
836 2664 892 2706 sit,
905 2664 1057 2698 Laecam
1080 2665 1181 2708 quasi
1202 2666 1373 2702 Catilinae
1389 2663 1625 2709 apparitorem

239 2729 368 2772 fnisse,
390 2731 488 2770 tum,
512 2725 605 2770 quod
625 2722 865 2770 perspicuitati
886 2722 954 2757 isto
976 2722 1082 2755 modo
1104 2733 1172 2757 non
1194 2723 1280 2759 satis
1310 2723 1357 2758 sit
1387 2725 1623 2767 prospectum,

239 2787 334 2834 qnia‘
346 2784 546 2822 coniuratos
574 2792 699 2817 revera
730 2780 824 2826 apud
847 2780 997 2816 Laecam
1030 2779 1138 2816 fuisse
1159 2784 1301 2818 constet.
1355 2779 1426 2817 Sed
1458 2783 1622 2825 reputan-
