1716 3210
375 676 1207 744 PRAEFATIO.

114 962 423 1053 Scriptorum
454 995 658 1039 veterum
690 1003 811 1048 quae
843 992 996 1034 nostra
1029 991 1178 1033 aetate
1208 985 1420 1033 condicio
1448 987 1503 1032 sit

0 1061 32 1105 *³2
115 1072 496 1122 considerantibus
530 1070 772 1116 obscurum
804 1083 902 1116 esse
934 1068 1091 1127 nequit
1114 1082 1208 1113 nou
1241 1082 1399 1113 omnes
1422 1083 1502 1113 ea-

116 1155 225 1200 ‹lem
272 1168 367 1199 ese
408 1151 591 1211 fortuna
633 1165 761 1207 usos,
812 1163 956 1209 quum
1008 1148 1087 1193 alii
1138 1148 1503 1211 gravissimorum

116 1237 316 1281 virorum
358 1230 511 1278 studiis
567 1231 630 1275 ita
675 1229 902 1276 emendati
943 1235 991 1275 et
1035 1245 1065 1274 a
1117 1229 1328 1288 maculis,
1388 1244 1503 1288 quas

114 1315 331 1377 temporis
373 1311 534 1358 iniuria
581 1315 831 1368 traxerant,
884 1310 1081 1372 purgati.
1121 1309 1396 1367 habeantur,
1451 1316 1505 1355 ut

115 1411 208 1443 nou
246 1393 443 1441 multum
486 1390 547 1436 ad
592 1391 896 1451 integritatem
953 1390 1110 1436 deense
1151 1390 1383 1448 videatur,
1425 1391 1503 1435 alii

115 1490 226 1522 vero
256 1487 351 1519 non
394 1471 543 1516 solum
586 1470 811 1516 veteribus
842 1470 979 1527 vitiis,
1023 1470 1269 1517 scribarum
1313 1470 1389 1516 vel
1429 1471 1503 1516 iu-

116 1555 242 1602 curia
271 1553 348 1598 vel
377 1550 631 1612 ignorantia
674 1556 753 1594 aut
783 1550 1128 1610 interpolatione
1162 1552 1297 1608 ortis,
1341 1551 1502 1596 etiam-

116 1650 225 1681 num
278 1631 436 1677 affecti
495 1631 603 1686 siut,
656 1629 738 1675 sed
799 1630 1026 1676 editorum
1079 1646 1267 1691 quoque
1318 1632 1503 1678 levitate

94 1722 176 1762 ‘ac
225 1727 440 1775 perversa
491 1710 815 1771 interpretandi
864 1712 1039 1758 ratione
1102 1712 1222 1758 adeo
1274 1711 1503 1758 obscurati

117 1797 329 1850 iaceant,
392 1798 444 1838 ut
503 1805 596 1836 non
662 1791 932 1852 scriptorem
989 1794 1171 1854 ipsum,
1224 1792 1308 1838 sed
1365 1793 1502 1838 mise-

119 1875 310 1922 randum
361 1871 659 1933 pulcherrimi
710 1871 943 1931 quondam
995 1874 1149 1933 operis
1211 1873 1504 1920 simulacrum

116 1956 290 2002 habere
322 1953 568 1999 videamur.
637 1952 780 2010 Quod
812 1968 953 2013 quum
985 1953 1208 1998 nonnullis
1240 1954 1341 1999 aliis
1378 1955 1504 2001 acci-

118 2039 223 2093 dit‚.
239 2043 336 2082 tum
367 2032 563 2079 maxime
595 2030 829 2079 Sallustius
873 2049 902 2078 a
935 2034 1092 2081 Cottio
1133 2035 1317 2093 eiusque
1356 2040 1502 2081 secta-

119 2118 292 2164 toribus
332 2115 457 2161 idem
507 2128 664 2177 paaeus
709 2118 797 2171 est,
845 2113 909 2159 ita
966 2119 1018 2158 ut
1066 2129 1166 2160 rem
1216 2113 1346 2159 haud
1398 2115 1501 2160 iuu-

117 2199 243 2244 tilem
274 2195 499 2256 suscipere
531 2194 775 2249 videretur,
809 2193 890 2252 qui
925 2195 1123 2239 animum
1155 2194 1413 2255 appelleret
1440 2193 1504 2241 ad

67 2305 70 2307 ·
118 2279 359 2340 egregium
390 2277 667 2337 scriptorem,
689 2281 814 2320 tanta
844 2275 951 2321 labe
983 2275 1281 2341 liberandum.
1325 2275 1503 2331 Cottius

121 2359 266 2414 enim,
306 2372 584 2417 quamquam
625 2356 835 2416 plurimis
883 2355 1088 2408 subddiis
1134 2355 1197 2401 ad
1240 2356 1507 2402 Sallustium

30 2455 35 2462 ·
121 2438 452 2485 emendandum
486 2439 719 2483 instructus
754 2436 875 2493 ¹fuit,
918 2443 1093 2493 tamen,
1138 2436 1307 2484 iudicio
1339 2452 1505 2498 parum

19 2532 22 2534 ’
121 2519 273 2586 valens
315 2533 371 2563 ae
414 2533 628 2577 perversa
670 2517 886 2577 opinione
929 2518 990 2563 de
1023 2518 1118 2563 eius
1159 2517 1383 2564 scribendi
1416 2533 1503 2579 ge-

122 2615 229 2644 nere
261 2597 439 2653 ductus,
458 2598 560 2657 plus
594 2599 740 2644 obfuit
773 2599 947 2645 auctori
980 2614 1118 2658 quam
1151 2600 1338 2660 profuit.
1383 2599 1503 2644 Nam

47 2733 50 2735 ,
120 2685 260 2743 quum
301 2680 366 2725 ita
408 2678 493 2723 sibi
507 2680 837 2740 persuasisset,
870 2679 1156 2739 Sallustium,
1189 2682 1364 2742 quippe
1396 2681 1504 2725 bre-
