1716 3210
259 257 320 299 zo
616 253 663 294 e.
693 236 1043 294 SALLus'rl
1071 238 1296 296 'c‘msl‘l

223 356 392 421 Saetas
427 361 674 413 ambitioue
718 366 1228 427 corr11pta·*tenebatur;
1271 374 1329 416 ac
1370 374 1471 428 me,
1503 376 1645 431 quum

220 472 225 475 '
257 463 317 508 ab
349 460 531 506 relicuis
567 459 695 504 malis
729 460 931 504 moribus
977 454 1257 505 dissentirem*
1264 448 1455 519 3²nihi10
1499 465 1644 510 minus

257 596 417 641 equidem
440 596 623 639 efferor
645 595 758 629 studio
773 598 895 639 patres
917 598 1049 633 vestros
1071 591 1223 628 videndi.
1249 593 1293 628 de
1314 593 1417 629 Finn.
1431 592 1473 640 V,
1483 596 1518 640 2,
1528 595 1562 633 5.
1583 609 1644 636 suo

257 653 349 688 euim
373 653 514 697 quisque
538 650 652 687 studio
677 644 827 686 maxime
852 651 1000 686 ducitur.
1046 651 1199 686 Meliora
1221 649 1581 696 praecepit'Bx-emius
1600 657 1645 690 ad

228 738 231 742 .
255 710 343 755 Nep.
368 711 448 744 Dat.
467 709 526 752 lv,
544 708 591 753 5.,
617 709 752 753 quibus.
767 711 857 744 adde
879 721 970 754 quae
986 709 1136 754 collegit
1159 710 1331 761 Scheller.
1362 710 1400 745 in
1421 712 1505 748 Lex.
1527 713 1643 758 Ampl.

255 780 291 813 p.
308 768 413 803 3793.
443 767 516 804 Cic.
539 779 575 811 p.
597 767 732 802 Cluent.
756 765 814 802 70.
839 767 917 802 odio
937 767 1041 811 ferri.
1072 767 1248 808 Tusc.111‚
1266 765 1300 801 5.
1325 766 1466 804 libidine
1489 776 1554 805 aut
1570 772 1645 804 ira-

255 826 385 860 cundia
400 825 504 869 sem.
537 836 573 869 p
599 824 717 869 Quint.
727 825 792 860 ..11
824 826 980 859 avaritia
995 825 1099 870 ferri.
1149 825 1309 859 Studium
1331 830 1450 860 autem
1472 827 1646 872 iniquiore

255 894 359 919 sensu
381 894 445 927 pro
476 881 591 916 nimio
607 882 721 916 studio
754 865 863 933 habet
887 882 973 916 Ter.
998 879 1130 929 Hecyr.
1155 880 1257 919 Prol
1278 883 1308 924 1,
1327 882 1362 917 4.
1382 883 1531 927 populus
1555 889 1645 918 stu-

256 939 330 975 dio
355 941 513 985 stupidus
540 940 576 973 in
593 939 801 983 funambulo
828 939 983 974 animum
1019 945 1218 984 occuparat.
1254 942 1290 973 et
1320 943 1439 974 noster
1461 940 1523 975 Fr.
1549 941 1644 976 Hist-

253 994 448 1040 111‚11‚4.
481 997 637 1042 equidem
662 999 803 1042 fateor,
835 1010 890 1033 me
915 999 964 1032 ad
994 998 1057 1032 hoc
1083 995 1208 1031 bellum
1238 997 1370 1031 maiore
1401 998 1518 1032 studio
1541 1010 1646 1044 quam

255 1054 395 1095 consilio
414 1057 621 1100 profectum.
667 1055 737 1089 Per
760 1067 797 1089 se
819 1056 931 1102 igitur
953 1060 1061 1100 patet,
1084 1053 1199 1100 ibique
1222 1065 1291 1088 non
1315 1053 1360 1088 ad
1385 1043 1498 1090 studio
1520 1057 1647 1091 referri

234 1152 241 1156 ..
253 1123 376 1158 posse,
409 1116 449 1146 ut
472 1112 634 1146 Tellerus
667 1112 895 1158 opinabatur,
930 1113 989 1147 sed
1021 1112 1066 1146 ad
1097 1110 1350 1156 rempublicam
1373 1110 1568 1157 pertinere,
1604 1126 1647 1149 eo

254 1160 372 1211 modo,
397 1181 501 1214 quem
525 1169 780 1205 illustravimus
805 1172 851 1205 ad
875 1183 905 1206 c.
918 1170 960 1211 V,
969 1170 1002 1204 2.
1035 1170 1116 1204 Hac
1138 1167 1370 1213 explicatione
1394 1169 1482 1206 inita
1504 1172 1646 1213 demum

253 1226 486 1276 intelligitur,
517 1228 602 1271 quid
633 1228 702 1263 sibi
733 1228 841 1262 velint
877 1227 996 1262 addita
1025 1228 1133 1261 verba
1177 1224 1301 1270 initio,
1332 1223 1436 1262 sicuti
1466 1216 1646 1275 plerique,-

253 1289 347 1319 recte
383 1285 476 1318 enim
500 1285 636 1320 monuit
658 1286 908 1328 Frotscherus,
947 1282 1182 1320 temeritatem
1213 1295 1288 1318 esse
1320 1283 1474 1320 florentis
1508 1286 1645 1336 aetatis,

251 1343 475 1389 prudentiam
499 1342 716 1390 senescentis.
740 1360 784 1370 ·--
820 1345 978 1378 Adversa
1002 1355 1044 1377 ex
1067 1334 1193 1389 lucer-tf.
1228 1345 1377 1387 utroque
1407 1338 1472 1387 pro
1496 1344 1644 1379 adversa

253 1412 336 1435 cum
359 1400 481 1436 Cottio
506 1404 542 1435 et
566 1386 756 1435 Gerlachio
780 1401 965 1445 edidimus.
985 1421 1031 1429 -—
1062 1392 1350 1436 Adulescentulus
1371 1400 1480 1435 habet
1501 1400 1631 1437 Bas⁰
1608 1420 1643 1438 a.

250 1455 288 1494 4.
314 1458 406 1503 Teg.
440 1462 476 1493 et
498 1459 603 1494 Bora.
636 1458 762 1492 relicui
786 1454 1239 1512 adolesc.cf.Schneide1-i
1263 1456 1421 1511 Cri-amm.
1445 1457 1644 1512 Lat..,1„1

250 1527 286 1561 p.
317 1515 375 1550 28.
422 1516 476 1550 De
498 1527 565 1550 usu
587 1516 686 1551 vocis
708 1528 743 1550 v.
768 1517 814 1550 ad
836 1529 867 1551 c.
890 1517 1082 1557 xxxvm,
1104 1507 1342 1559 1-XL13122.
1400 1512 1401 1515 ’
1463 1505 1486 1528 ⁴

347 1576 379 1616 §.
405 1572 438 1608 5.
488 1574 532 1607 ab
561 1574 699 1607 relicuis
722 1574 825 1609 malis
848 1574 1018 1619 moribus]
1055 1567 1178 1607 Bona
1189 1565 1286 1621 p‘ars
1296 1571 1474 1607 codicum.
1505 1571 1549 1607 ab
1578 1583 1644 1608 re—

254 1631 478 1666 licuorum
514 1633 617 1665 malis
640 1618 810 1673 moribus,
846 1641 938 1675 quae
967 1629 1119 1664 varietas
1149 1629 1288 1675 L'a'ngio
1323 1630 1484 1674 quidem,
1517 1629 1579 1675 qui
1606 1629 1646 1665 id

251 1693 396 1734 propter
418 1699 563 1732 sequens
586 1692 715 1722 ceteros
736 1689 910 1733 praefert,
941 1687 1080 1723 sensum
1102 1689 1172 1721 non
1195 1687 1340 1725 'variare
1358 1687 1517 1731 videtur,
1542 1698 1645 1731 prae-

252 1746 376 1782 sertim
400 1758 507 1790 quum
533 1745 692 1789 Cortius,
717 1745 965 1786 Kunhardtm,
990 1744 1073 1786 alii,
1102 1745 1167 1789 (ac
1189 1738 1301 1794 nuper
1323 1744 1534 1779 Gerlachius
1557 1756 1644 1789 quo-

253 1815 321 1850 que
356 1807 392 1838 et
423 1803 645 1849 Herzogius)
678 1803 873 1850 genitivum
906 1801 1112 1846 receperint.
1177 1801 1382 1836 Abiativum
1414 1800 1646 1836 exhibuerunt

251 1860 423 1907 Bipontt.‚
445 1865 523 1906 post
544 1861 739 1903 Mfillerus3
763 1861 824 1895 sed
847 1869 1017 1902 caussam,
1042 1869 1106 1893 cur
1127 1856 1187 1895 ita
1195 1855 1419 1894 scribendum
1435 1858 1494 1902 sit,
1510 1857 1644 1903 primus

243 1917 413 1965 *exposuit
445 1920 676 1953 Frotscherus
708 1918 781 1954 1.1.
812 1930 846 1962 p.
870 1917 928 1951 24.
982 1912 1159 1952 Nimirum
1186 1916 1404 1962 Sallustius,
1445 1926 1554 1962 quum
1587 1915 1644 1952 sui

252 1977 332 2014 aevi
355 1977 444 2011 vitia
472 1978 726 2020 enumerasset,
750 1973 955 2016 audaciam,
974 1973 1219 2020 largitionem,
1243 1973 1449 2017 avaritiam,
1471 1986 1541 2009 non
1562 1977 1643 2019 pot-

220 2029 222 2031 *
251 2039 350 2079 erat,
381 2034 453 2069 suis
476 2021 632 2069 moribus
655 2027 895 2068 defensionem
917 2035 1123 2077 paraturus,
1149 2030 1285 2074 dicere,
1309 2043 1347 2066 se
1369 2029 1415 2066 ab
1437 2029 1644 2065 relicuorum

251 2093 357 2129 malis
381 2093 517 2127 artibus
534 2092 701 2134 alienum,
724 2090 915 2126 ambitione
937 2093 1074 2125 tantum
1096 2093 1299 2134 corruptum
1320 2088 1449 2131 fuisse;
1473 2087 1526 2123 ita
1547 2088 1643 2123 enim

253 2149 402 2188 ambitio
424 2161 493 2184 non
517 2159 700 2183 commune
723 2147 903 2191 omnium,
947 2147 1009 2182 sed
1039 2146 1108 2192 ipsi
1129 2146 1313 2191 proprium
1342 2145 1470 2181 vitium
1505 2144 1640 2181 fuisset.

253 2209 415 2251 Accedit,
440 2208 532 2252 quod
555 2206 592 2240 in
615 2206 682 2241 tali
704 2206 897 2248 sententia,
921 2204 1005 2240 licet
1026 2206 1072 2239 ab
1098 2203 1250 2238 auctoris
1272 2207 1388 2238 mente
1411 2202 1640 2246 alienissimtt,

253 2278 323 2302 non
353 2264 559 2301 relicuorum
591 2264 652 2298 sed
685 2261 800 2308 potius
831 2268 1020 2297 ceterorum
1053 2260 1274 2295 scribendum
1305 2260 1444 2304 fuisset,
1475 2260 1639 2306 quoniam
1704 2287 1707 2289 -

253 2336 323 2360 non
348 2320 511 2358 omnibus
544 2321 685 2364 omnia,
723 2321 783 2356 sed
813 2320 893 2356 aliis
917 2319 991 2354 alia
1012 2322 1094 2353 sunt
1116 2318 1224 2361 vitia3
1247 2317 1385 2354 relicm‘s
1406 2322 1523 2354 autem
1545 2322 1641 2354 recte

253 2380 382 2424 habet,
421 2378 505 2425 quia
532 2374 774 2414 ambitionem
807 2377 911 2412 malis
944 2375 1124 2420 moribus,
1157 2388 1244 2420 quos
1284 2368 1566 2421 vituperaverat,
1601 2376 1639 2410 in

253 2452 366 2476 unum
389 2437 490 2484 quasi
512 2433 771 2481 comprehensis
793 2432 947 2479 opponit.
980 2433 1034 2466 De
1055 2433 1310 2468 vocabulorum
1335 2435 1441 2473 ceteri
1461 2437 1498 2468 et
1519 2434 1640 2468 relicm‘

253 2497 456 2534 discrimine
477 2507 513 2529 v.
536 2493 675 2528 doctam
699 2490 779 2527 Car.
803 2489 923 2526 Beieri
945 2489 1287 2525 ‘commentationem
1318 2488 1355 2524 in
1379 2489 1544 2525 Seebodii
1564 2490 1639 2525 Mi-

235 2550 353 2594 'scell
378 2554 577 2590 critt.vo1
594 2545 1035 2595 1.1³.1.p.181.‚qui
1057 2547 1238 2582 verissime
1260 2547 1401 2590 docuit,
1425 2548 1533 2582 ceteri
1553 2543 1636 2590 dici,

253 2614 341 2658 ubi,
367 2611 435 2658 'qui
457 2613 608 2650 restant,
641 2606 773 2653 singuli
802 2605 1017 2651 cogitentur,
1041 2601 1163 2639 relicui
1185 2609 1324 2647 autem,
1335 2602 1410 2640 ubi
1433 2615 1552 2639 omnes
1575 2604 1638 2648 qui

254 2673 438 2716 supersunt
469 2669 506 2703 in
528 2676 634 2701 unum
657 2663 1011 2708 comprehendantur,
1051 2661 1201 2708 singulis
1231 2656 1448 2708 cogitatione
1473 2673 1542 2696 uon
1564 2661 1636 2697 dis-

252 2727 369 2764 cretis.
424 2725 505 2762 Non
529 2723 611 2760 satis
633 2726 750 2757 tamen
772 2719 920 2766 probare
942 2717 1082 2754 videtur
1102 2720 1235 2756 Ludov.
1261 2718 1488 2755 Doederlinus
1517 2718 1636 2764 Syno-

247 2797 347 2835 uym.
370 2785 449 2823 Lat.
471 2782 578 2821 Tem.
597 2780 625 2818 1.
648 2792 683 2826 p.
702 2777 784 2817 183.
831 2778 934 2825 Quae
954 2780 1071 2814 autem
1094 2777 1294 2824 Herzogius
1317 2778 1362 2814 ad
1387 2776 1488 2814 Caes.
1507 2777 1554 2813 B.
1580 2777 1630 2812 G.
