1716 3210
223 237 280 278 1⁰
567 232 614 274 C.
655 230 998 275 SALLUSTI
1036 232 1262 276 CRISPI

221 365 348 398 mum
402 348 605 409 periculo
661 352 795 406 atque
851 347 1044 407 negotiis
1096 357 1378 409 compertum
1428 358 1495 397 est
1560 354 1607 398 in

180 443 342 491 Sbello
376 440 620 500 plurimum
653 438 882 499 ingenium
914 454 1061 499 posse.
1131 441 1306 497 Quodsi
1339 459 1510 504 regum.⁴
1536 450 1606 503 at7·
1647 416 1649 419 ι

219 549 311 593 que
353 533 678 591 imperatorum
723 530 857 575 animi
907 531 1043 576 virtus
1084 532 1131 579 in
1176 549 1294 594 pace
1346 535 1407 581 ita
1451 535 1516 598 uti
1559 536 1606 580 in

218 626 340 695 bello
373 624 568 680 valeret,
610 623 884 681 aequabilius
917 630 1053 683 atque
1098 626 1365 671 coustantius
1398 641 1500 688 sese,
1532 640 1606 672 res

217 715 443 767 humanae
484 716 729 773 haberent,
781 731 928 782 neque
973 715 1096 766 aliud
1148 717 1238 763 alio
1257 766 1260 769 ,
1282 718 1414 775 ferri,
1458 733 1606 786 neque

217 863 284 898 que
309 852 459 886 multum
487 851 558 886 dici
576 855 813 896 processerat,
838 862 950 896 quum
974 852 1214 888 etiamtum
1244 857 1387 888 eventus
1412 853 1451 887 ίπ
1470 853 1604 891 incerte
1650 886 1653 890 ,

218 915 308 946 erat.
343 910 430 952 mv,
451 908 485 945 5.
517 911 632 955 igitur
655 909 818 945 Metellus
847 910 907 944 ubi
932 910 1029 944 videt
1056 911 1155 956 regis
1177 911 1426 946 etiamtum
1447 907 1605 957 animum

209 971 365 1012 ferocem
389 979 473 1002 esse.
503 968 579 1009 XL,
607 966 640 1000 4.
672 968 809 1011 trepida
832 968 1071 1003 etiamtum
1095 969 1251 1004 civitate.
1285 969 1381 1010 XXI,
1401 968 1435 1004 2.
1460 969 1604 1004 obscuro

218 1028 462 1061 etiamtum
491 1026 631 1060 lumine.
677 1024 747 1059 His
777 1024 866 1059 adde
888 1025 1004 1061 Tacit.
1029 1025 1152 1062 Annal.
1176 1028 1204 1069 Ι,
1225 1026 1272 1068 3.,
1296 1026 1358 1062 ubi
1386 1029 1482 1061 recte
1502 1026 1605 1064 Wolt-

214 1084 283 1119 fius
307 1085 389 1118 dum
411 1082 563 1120 mutavit
583 1082 622 1116 in
644 1086 730 1118 tum.
753 1082 783 1124 1,
800 1082 857 1120 21.
880 1083 910 1124 1,
927 1082 985 1118 49.
1008 1083 1037 1125 1,
1056 1082 1114 1117 50.
1136 1083 1180 1124 11,
1198 1082 1255 1119 51.
1280 1083 1326 1126 11,
1345 1083 1406 1119 52.
1427 1084 1475 1118 ef.
1499 1095 1604 1128 prae.-

215 1145 313 1176 terea
335 1141 541 1176 Walchium
564 1140 734 1179 Emendd.
755 1139 858 1175 Livv.
885 1152 920 1184 p.
939 1140 1010 1181 86..
1032 1141 1093 1184 qui
1116 1145 1212 1174 recte
1232 1139 1410 1184 vituperat
1431 1140 1603 1177 Fon-ceni-

214 1210 323 1241 num,
346 1199 596 1243 explicantem
619 1209 726 1243 usque
750 1198 799 1232 ad
822 1198 869 1232 id
892 1203 1037 1243 tempus,
1061 1203 1096 1232 et
1118 1198 1292 1244 Heusing.
1314 1199 1359 1233 ad
1383 1198 1457 1235 off.
1480 1199 1526 1240 11,
1543 1198 1601 1240 13,

213 1256 274 1290 13.
320 1256 485 1297 Ceterum
511 1268 617 1291 voces
642 1258 749 1292 etiam
779 1262 854 1290 tum
876 1261 1064 1300 propterea
1094 1256 1130 1290 in
1155 1268 1262 1290 uuum
1285 1256 1497 1290 vocabulum
1519 1266 1603 1290 eou-

213 1313 412 1359 iungendae
438 1319 540 1357 suut,
571 1315 665 1359 quod
698 1320 772 1349 tum
803 1314 840 1347 in
863 1315 935 1349 hac
964 1314 1157 1358 sententia,
1192 1315 1254 1349 ubi
1278 1316 1385 1349 etiam
1407 1314 1603 1358 particulae

213 1373 330 1407 adhuc
352 1373 427 1407 vim
449 1373 557 1407 habet
580 1373 633 1417 (v.
657 1373 703 1407 ad
726 1385 756 1406 c.
775 1373 866 1415 LXI,
887 1372 954 1416 4.),
979 1372 1182 1407 encliticam
1204 1377 1276 1414 θοις
1299 1372 1371 1406 ubi·
1385 1382 1469 1405 vero
1493 1373 1601 1406 etiam

211 1440 276 1474 pro
300 1431 389 1464 adeo
412 1430 572 1475 ponitur,
605 1434 751 1473 utraque
774 1441 859 1471 vex,
889 1441 1047 1463 seorsum
1069 1431 1291 1472 collocanda,
1322 1440 1424 1464 suam
1446 1427 1520 1463 vim
1542 1440 1600 1464 re-

211 1488 322 1532 tinet,
355 1489 464 1533 idque
486 1489 672 1522 discrimen
694 1487 732 1521 in
756 1487 918 1522 omnibus
941 1488 1049 1522 etiam
1071 1487 1266 1531 particulae
1288 1487 1601 1533 compositionibus

209 1550 383 1582 servatur.
442 1546 561 1590 Quare
586 1545 871 1590 distinguendum
901 1549 953 1579 est
984 1546 1076 1581 inter
1107 1546 1288 1581 etiamtum
1316 1549 1351 1579 et
1375 1546 1482 1581 ctiam
1516 1551 1598 1580 tunc

211 1603 316 1649 (Sall.
341 1604 486 1649 Fragm.
508 1604 602 1637 Hist.
627 1604 657 1646 1,
682 1604 740 1645 19,
765 1603 799 1638 6.
835 1604 907 1639 Cic.
931 1615 964 1648 p.
989 1604 1096 1637 Rosc.
1120 1604 1242 1638 Amen·
1263 1615 1292 1638 c.
1310 1604 1368 1644 20,
1388 1603 1446 1647 57,
1471 1605 1597 1648 ωειλ),

210 1662 303 1696 inter
335 1663 525 1696 etiamnum
555 1666 590 1696 et
621 1662 728 1696 etiam
759 1674 851 1696 nunc
882 1662 989 1704 (Sall.
1015 1661 1088 1695 cat.
1115 1663 1197 1705 LlI,
1219 1661 1280 1694 25.
1320 1662 1395 1696 Cic.
1428 1674 1464 1706 p.
1489 1664 1595 1697 Rosc.

208 1720 289 1754 Am.
323 1731 354 1753 c.
379 1718 447 1760 52,
471 1718 552 1753 150.
581 1730 618 1759 v.
642 1719 838 1753 Gemhard.
871 1719 916 1753 ad
939 1719 1011 1753 Cic.
1036 1719 1134 1753 Lael.
1157 1720 1192 1760 3,
1214 1720 1272 1754 11.
1303 1723 1336 1753 et
1360 1721 1512 1765 Herzog.
1547 1721 1596 1755 ad

208 1778 310 1812 Caes.
334 1778 379 1811 Β.
406 1778 449 1812 G.
462 1778 519 1818 vl,
541 1776 612 1818 (10.,
636 1776 697 1820 qui
720 1781 838 1812 tamen
860 1777 1047 1812 discrimen
1070 1789 1137 1811 non
1167 1776 1283 1823 magis
1306 1778 1468 1811 observat
1489 1789 1597 1821 quam

207 1835 394 1879 Bromius,
427 1837 472 1870 ad
494 1835 580 1880 Nep.
605 1834 760 1868 Hannib.
784 1835 843 1878 lv,
868 1836 902 1868 3.
927 1835 1046 1869 omnia
1067 1835 1234 1880 miscens)
1257 1835 1406 1880 denique
1428 1836 1520 1875 inter
1543 1841 1596 1872 et-

150 1895 155 1898 ’
208 1894 313 1928 iamsi
335 1898 370 1927 et
393 1895 500 1928 etiam
523 1894 572 1935 si,
597 1892 671 1928 Cic.
695 1892 767 1926 off.
790 1894 818 1936 1,
842 1892 876 1934 4,
899 1893 934 1927 9.
966 1895 994 1934 1,
1017 1893 1076 1935 43,
1099 1894 1158 1928 10.

301 1954 335 1996 S.
358 1951 392 1994 2,
438 1952 590 1996 periculo
614 1956 719 1995 atque
742 1952 893 1996 negotiis
917 1957 1126 1996 compertum
1150 1952 1222 1997 est]
1247 1951 1326 1985 Non
1353 1947 1437 1984 satis
1456 1948 1596 1993 simpli-

208 2010 298 2044 citer
319 2011 410 2045 haec
438 2011 484 2044 ab
507 2008 752 2054 interpretibus
775 2008 949 2052 explicata
971 2009 1152 2051 videntur3
1182 2007 1384 2048 Gronovius
1416 2005 1511 2045 enim
1530 2018 1595 2051 pe-

208 2070 316 2103 riculo
338 2069 585 2114 interpretatur
608 2067 835 2111 experiundo,
867 2067 1127 2111 experimentis,
1150 2078 1276 2111 parum
1300 2065 1503 2106 commode3
1524 2076 1595 2099 non

207 2126 324 2160 ninus
347 2127 454 2172 longe
483 2125 592 2170 petita
614 2128 665 2158 est
689 2124 802 2158 Cottii
825 2125 936 2167 ratio,
969 2125 1030 2170 qui
1058 2137 1121 2169 per
1141 2125 1295 2170 figuram
1325 2121 1370 2158 ἓν
1393 2120 1458 2157 διὰ
1482 2123 1594 2158 δυοῖν.

207 2184 386 2228 (parcius,
424 2184 516 2230 quod
546 2182 661 2217 obiter
691 2193 839 2223 moneo,
864 2182 1140 2225 admittendam,
1173 2183 1220 2216 cl'.
1253 2182 1299 2217 atl
1328 2181 1390 2223 111,
1414 2179 1470 2226 5.)
1502 2181 1593 2215 haec

207 2242 304 2276 dicta
334 2247 449 2276 censet
481 2253 544 2286 pre
573 2242 774 2286 periculosis
797 2242 960 2286 negotiis.
1016 2241 1147 2275 Melius
1165 2240 1321 2284 periculo
1349 2238 1494 2284 vulgari
1529 2249 1592 2283 po-

206 2303 332 2334 testate
351 2300 523 2344 accipian
539 2301 684 2345 negotia
706 2304 826 2333 autem
846 2303 927 2333 sunt
948 2310 1004 2334 res
1025 2298 1208 2344 graviores
1230 2308 1360 2342 eaeque
1383 2297 1591 2341 implicatio-

206 2369 274 2393 res.
301 2358 348 2392 cf.
372 2357 541 2398 Scheller.
565 2359 648 2398 Lex.
674 2357 866 2401 ampliore,
889 2357 927 2391 h.
950 2367 984 2390 v.
1009 2356 1044 2391 l.
1066 2367 1098 2391 a.
1118 2376 1166 2390 —-.
1201 2355 1349 2399 Quodsi,
1372 2355 1483 2399 vulgo
1506 2355 1590 2389 duo-

207 2417 272 2450 bus
294 2415 475 2450 vocabulis
499 2414 689 2459 scriptum,
723 2414 760 2448 in
782 2425 891 2448 unum
912 2414 1171 2456 contraximus,
1201 2414 1371 2458 quoniam
1392 2416 1486 2460 qued
1507 2426 1591 2451 cum

205 2474 389 2519 particulis
411 2475 441 2508 si
449 2499 460 2516 ‚
483 2475 571 2515 uisi,
596 2474 646 2516 πί,
678 2474 757 2515 ubi,
781 2473 935 2513 utinam,
970 2477 1006 2507 et
1036 2471 1210 2510 nonnullis
1242 2473 1323 2507 aliis
1354 2473 1588 2517 coniunctum,

205 2533 420 2578 pronominis
441 2532 477 2565 vi
501 2532 602 2575 plane
625 2530 804 2574 deposita,
828 2529 1042 2571 transitionis
1064 2534 1201 2572 tantum
1222 2530 1481 2576 significationi,
1498 2542 1590 2575 quae

205 2591 242 2626 iu
271 2591 343 2626 illis
376 2589 555 2635 particulis
579 2589 652 2622 iam
683 2588 791 2634 inest,
823 2588 1006 2631 augendae
1027 2588 1192 2629 inservit,
1225 2593 1265 2622 ut
1289 2589 1419 2627 merite
1439 2600 1520 2623 cum
1543 2588 1588 2623 iis

206 2651 389 2685 coalescat.
444 2649 484 2683 Id
515 2659 622 2681 unum
657 2645 814 2691 neglexit
846 2645 902 2678 vir
931 2645 1216 2680 accuratissimae
1239 2647 1437 2689 doctrinae,
1468 2647 1586 2680 Carol.

206 2709 365 2750 Beierus,
379 2707 449 2751 *qui
471 2707 587 2741 locum
610 2705 683 2739 Cic.
709 2703 780 2739 Off.
802 2704 830 2744 1,
853 2702 911 2744 43,
935 2701 968 2736 5.
1002 2705 1054 2748 (ἓ.
1078 2702 1176 2748 153.)
1201 2705 1350 2748 pessime
1379 2705 1452 2738 huc
1475 2714 1586 2747 usque

205 2767 379 2809 habitum,
401 2765 508 2801 huius
530 2763 724 2809 particulae
742 2772 808 2796 usu
829 2760 1064 2796 demonstrato
1086 2761 1232 2808 egregie
1250 2761 1401 2798 sanavit.
1425 2762 1473 2797 cf.
1499 2772 1584 2797 eun-
