1716 3210
248 222 334 265 160
609 217 656 259 c.
692 203 1297 262 SALL'UsT‘1cR1SP1

248 334 362 380 fides
402 349 452 379 re
494 332 677 394 cognita
723 338 903 395 gratam
947 333 993 379 in
1035 335 1210 396 magnis
1263 330 1375 382 meis
1417 333 1628 397 periculis

203 431 232 471 2
252 426 465 472 fiduciam
509 424 886 471 commendationi
928 441 1057 471 meae
1089 426 1253 474 tribuit.
1319 418 1628 483 Quamobrem

245 517 554 562 defensionem
602 515 648 560 in
689 531 808 561 novo
866 518 1051 564 consilio
1111 530 1203 563 non
1259 519 1404 563 statui‘
1445 533 1629 580 parare3

243 609 584 658 satisfactionem
629 621 684 653 ex
716 608 842 653 nulla
885 609 1154 655 conscientia
1189 609 1248 654 de
1282 610 1419 670 culpa
1451 626 1628 672 propo—

245 735 327 766 ante
349 731 434 765 meis
457 729 676 766 insereretur.
723 730 778 765 Ad
810 731 881 765 hoc
914 731 1088 777 genuinae
1119 729 1312 774 scripturae
1340 731 1534 778 vestigium
1567 744 1630 779 ap-

243 792 343 835 paret
364 788 402 823 in
425 789 536 824 vatic.
554 789 609 830 A.,
634 789 694 833 qui
716 789 753 823 in
776 790 914 834 mag-nis
936 790 1057 826 habet.
1105 790 1221 833 Quam
1245 792 1426 826 commode
1450 795 1568 826 autem
1589 792 1628 825 in

244 845 313 881 hac
336 844 506 892 sententia
536 852 680 892 gratam
711 846 886 880 referatur
919 848 963 881 ad
984 847 1174 892 fiduciam,
1208 847 1324 890 quivis
1355 848 1460 882 facile
1493 850 1627 889 sentiet.

246 904 454 939 Gerlachius
477 910 604 946 tamen,
627 903 686 948 qui
711 904 907 947 Rupertum
932 908 966 937 et
989 905 1158 938 Dahlium
1191 905 1369 948 sequitur,
1399 905 1496 940 nullo
1525 912 1628 950 pacto

244 974 282 997 se
303 962 484 1006 profitetur
506 961 726 1007 intelligere,
754 973 818 996 cur
840 963 979 1005 fiducia
1001 967 1111 1008 grata
1135 961 1206 995 dici
1228 963 1356 1007 possit,
1388 962 1517 1007 quippe
1539 975 1630 1007 quae

243 1019 432 1055 iniucunda
456 1018 564 1053 fuisse
587 1023 745 1062 nequeat.
783 1020 882 1059 Meis,
908 1020 999 1063 quod
1025 1019 1162 1054 Curtius
1184 1019 1294 1054 nimio
1310 1021 1492 1055 brevitatis
1514 1022 1627 1056 studio

245 1078 442 1119 abiecerat,
485 1076 662 1110 codicibus
702 1076 901 1110 iubentibus
941 1076 1096 1120 recipere
1137 1088 1206 1111 non
1244 1077 1502 1120 dubitavimus3
1541 1080 1629 1113 mihi

243 1146 348 1177 vero,
382 1144 450 1178 quo
483 1134 652 1167 Miillerus
677 1134 878 1168 (ortianum
907 1133 1184 1168 emendationem
1207 1142 1230 1169 a
1250 1145 1288 1169 se
1309 1141 1483 1179 reoeptam
1517 1126 1627 1180 auxit,

243 1191 420 1238 quomodo
443 1190 528 1225 ferri
551 1203 628 1235 poss
614 1191 673 1227 sit
680 1191 840 1234 equidem
871 1202 938 1224 non
963 1202 1008 1224 as
1003 1202 1139 1234 equor

336 1252 368 1292 S.
393 1249 426 1283 2.
475 1249 706 1291 defensionem
731 1249 767 1280 in
793 1260 880 1282 novo
915 1250 1054 1282 consilio
1079 1253 1143 1282 cet.
1156 1249 1171 1293 ]
1221 1249 1464 1293 Defensionem
1486 1250 1627 1286 notione

242 1318 314 1344 non
336 1305 478 1340 differre
501 1306 550 1340 ait
573 1306 799 1340 Kunhardtus
831 1317 854 1340 a
884 1307 1143 1351 satisfactione,
1178 1307 1270 1350 quod
1302 1307 1336 1342 ei
1367 1320 1436 1342 non
1468 1309 1626 1350 concedi-

240 1377 332 1400 mus.
377 1364 415 1398 In
439 1368 603 1407 promptu
635 1363 729 1397 enim
761 1368 832 1407 est,
865 1364 955 1408 quod
983 1365 1122 1399 Cortius
1153 1368 1248 1399 recte
1277 1365 1367 1400 vidit
1397 1366 1433 1401 in
1465 1368 1624 1402 Excursu
1660 1379 1664 1383 ·

204 1416 207 1418 ’
239 1433 274 1468 p.
293 1422 389 1463 401„
411 1421 499 1454 haec
522 1421 591 1454 sibi
612 1421 738 1464 opponi
760 1421 952 1464 vocabula,
976 1421 1182 1456 adversandi
1204 1422 1379 1466 particula
1399 1424 1462 1458 sed
1484 1424 1624 1460 omissa.

241 1481 296 1515 cf.
323 1480 398 1513 Cat.
418 1478 544 1518 XVIII,
566 1478 599 1512 8.
633 1478 751 1520 Lvm,
784 1479 843 1513 14.
876 1480 1043 1514 Goerenz.
1078 1480 1123 1513 ad
1155 1479 1256 1515 Finn.
1285 1480 1330 1522 11,
1351 1480 1409 1523 3⁴,
1430 1482 1510 1516 114.
1546 1483 1621 1519 Liv.

239 1538 351 1580 XXII,
372 1535 429 1577 58,
450 1536 485 1570 3.
511 1540 545 1570 et
569 1537 742 1572 Drakenb.
767 1538 811 1570 ad
835 1538 863 1579 1,
889 1536 946 1579 25,
962 1537 995 1571 3.
1020 1535 1173 1573 catilina
1195 1538 1300 1581 enim,
1324 1539 1453 1575 callido
1477 1541 1622 1575 consilio

237 1595 283 1640 Q.
316 1593 433 1630 Catuli
465 1594 657 1628 amicitiam
691 1593 871 1636 simulans,
906 1597 1122 1640 defensione,
1164 1607 1234 1640 qua
1266 1597 1432 1632 maleficii
1468 1594 1625 1638 accusati

238 1657 300 1688 aut
334 1651 491 1688 arcessiti
525 1653 570 1686 ad
604 1652 734 1686 iudices
768 1656 928 1696 utuntur,
959 1654 1027 1688 sibi
1057 1665 1125 1688 non
1159 1665 1244 1698 opus
1276 1665 1351 1688 esse
1380 1654 1508 1698 iactat,
1539 1657 1623 1701 quia

236 1720 349 1755 neque
374 1709 448 1754 ipse
473 1710 597 1753 cuipae
619 1708 687 1743 sibi
710 1710 865 1744 conscius
889 1712 952 1755 sit,
975 1723 1086 1756 neque
1108 1712 1153 1746 ab
1177 1711 1292 1746 amico
1315 1712 1439 1748 noxius
1459 1718 1623 1758 putetur3
1655 1706 1664 1708 ἡ

235 1767 465 1803 nihilominus
497 1772 614 1802 tamen
647 1769 885 1811 satisfactione
918 1769 942 1804 i.
965 1781 997 1804 e.
1043 1769 1260 1803 excusatione
1289 1767 1325 1802 in
1354 1780 1444 1804 novo
1476 1770 1622 1805 consilio

235 1826 304 1862 sibi
335 1837 423 1870 opus
458 1826 592 1868 videri,
623 1837 692 1869 quo
723 1826 847 1860 Catulo
876 1828 978 1861 brwi
1008 1827 1178 1861 rationem
1207 1826 1365 1860 redderet
1394 1819 1621 1872 inceptorum,

235 1895 325 1919 neve
347 1889 478 1918 temere
502 1889 564 1918 aut
585 1884 738 1928 pessima
760 1894 883 1917 caussa
907 1884 1024 1918 Roma
1046 1884 1229 1919 excessisse
1252 1883 1438 1918 videretur.
1484 1885 1622 1921 Novum

237 1945 356 1978 autem
378 1942 554 1976 consilium
578 1953 646 1975 non
670 1951 749 1974 cum
775 1940 964 1975 Gerlachio
992 1941 1150 1987 intelligo
1167 1952 1170 1955 ·
1186 1941 1229 1976 de
1252 1941 1489 1977 coniuratione
1522 1943 1620 1986 inita,

236 2001 296 2037 sed
319 1999 363 2034 de
384 1998 599 2044 profectione
630 1999 675 2033 ad
707 1998 832 2033 Manlii
865 1999 1076 2041 exercitum,
1109 1999 1202 2043 quod
1232 1998 1353 2034 statim.
1383 2002 1464 2043 post
1495 1997 1621 2034 caliido

234 2058 445 2093 miserorum
476 2055 707 2102 patrocinium
741 2058 914 2101 appellat,
957 2062 992 2092 et
1024 2061 1162 2102 poterat
1191 2054 1230 2091 id
1257 2067 1386 2091 novum
1416 2055 1530 2091 videri
1563 2058 1618 2098 iis,

235 2115 297 2160 qui
321 2108 423 2149 ilium
447 2115 581 2149 invidia
605 2115 764 2149 Consulis
788 2115 906 2149 Roma
930 2115 1115 2149 excessisse
1137 2114 1402 2158 Massiliamque
1424 2115 1620 2159 profectum

233 2176 408 2219 putarent.
455 2172 550 2206 Scite
573 2176 690 2206 autem
713 2172 868 2218 Langius
891 2173 1062 2215 observat,
1089 2171 1198 2206 verba
1216 2183 1348 2216 parare
1371 2174 1407 2206 et
1426 2183 1616 2216 proponere

232 2230 304 2266 suis
329 2229 591 2264 accommodata
614 2240 688 2262 esse
718 2228 964 2272 substantivis,
987 2230 1058 2272 ita,
1087 2233 1124 2264 ut
1155 2229 1244 2263 illud
1279 2229 1325 2264 ad
1354 2229 1523 2264 maiorem
1555 2231 1615 2265 de—

232 2289 398 2323 fensionis
430 2298 592 2332 operam,
624 2286 693 2319 hoc
727 2287 772 2321 ad
803 2286 1048 2322 satisfactionis
1078 2286 1248 2321 leviorem
1280 2298 1440 2322 caussam
1473 2291 1612 2332 spectet·

231 2344 406 2380 Mulier-us
430 2356 451 2380 a
473 2355 558 2378 vero
580 2354 721 2387 prorsus
744 2343 932 2386 aberravit,
955 2343 1166 2388 coniungere
1194 2343 1318 2379 iubens
1342 2344 1615 2389 satisfactionem

232 2404 276 2437 de
306 2405 427 2448 culpa,
471 2401 562 2446 quod
593 2412 706 2445 neque
737 2403 925 2435 verborum
957 2400 1042 2434 ordo
1072 2411 1185 2444 neque
1224 2403 1395 2438 sententia
1425 2401 1614 2447 per-mittin

230 2461 292 2496 sed
322 2471 391 2494 uon
423 2459 561 2504 putavit·
584 2459 624 2492 V.
656 2460 700 2492 D.
736 2457 806 2493 dici
836 2470 936 2503 posse
967 2459 1173 2492 conscientia
1206 2460 1250 2494 de
1282 2461 1384 2506 culpa
1412 2471 1477 2505 pro
1506 2472 1614 2495 conso.

230 2518 373 2563 culpae,
406 2510 593 2551 ut‘dicitur
617 2517 769 2550 conscius
802 2516 844 2550 de
877 2516 946 2559 alq.
980 2526 1041 2557 re,
1067 2516 1139 2551 Cic.
1163 2518 1253 2562 Epp.
1284 2517 1330 2553 ml
1352 2517 1455 2554 Attio.
1477 2518 1524 2562 11,
1554 2516 1612 2561 24,

227 2587 264 2622 p.
287 2587 335 2609 m.
368 2575 422 2608 his
454 2574 498 2607 de
528 2575 628 2608 rebus
665 2574 834 2607 conscium
868 2584 939 2607 esse
971 2571 1140 2609 Pisonem.
1195 2576 1362 2610 Eiusdem
1392 2575 1529 2621 generis
1562 2581 1614 2611 est

227 2632 372 2678 suspicio
408 2630 452 2665 de
474 2631 542 2676 atq.
579 2631 652 2665 Cic.
684 2631 776 2675 Epp.
810 2631 856 2665 ad
888 2630 1026 2664 Famm.
1055 2632 1150 2677 xm,
1176 2632 1235 2676 24,
1259 2632 1352 2668 med.
1411 2628 1614 2668 Consimilia

227 2692 386 2725 mutatae
407 2692 606 2723 structurae
629 2688 788 2731 exempla
811 2687 958 2732 praebet
979 2686 1218 2724 Ruddimann.
1241 2691 1339 2727 lustt.
1360 2690 1413 2726 P:
1426 2691 1472 2726 11.
1495 2702 1531 2735 p.
1551 2690 1609 2726 ⁶12.

226 2747 302 2783 vn.
326 2749 398 2782 not.
418 2743 455 2781 8.
502 2745 665 2782 Ceterum
687 2745 885 2791 Herzogius
908 2746 1152 2781 conscientiam
1183 2744 1279 2782 haud
1309 2740 1406 2785 recte
1438 2747 1609 2794 interpre-
