1716 3210
256 247 315 292 22
865 238 1036 287 INDEX

261 358 452 395 Concursus
473 355 509 390 et
529 365 733 402 congressus
753 354 910 397 confusa,
931 354 962 395 1.
982 350 1042 397 ⁴14,
1063 350 1100 389 3.

262 415 427 451 Condicio
450 412 684 454 scribendum,
706 425 775 448 non
799 413 964 456 conditio,
990 413 1029 446 C.
1047 410 1106 456 29,
1129 408 1165 446 4.

263 471 430 508 Condicio
451 470 477 506 i.
500 482 534 515 q.
557 470 691 516 negotii
711 469 863 505 alieuius
885 468 1090 503 conficiendi
1111 467 1184 510 via,
1209 466 1240 504 Ι.
1263 465 1322 511 79,
1344 465 1381 504 8.

264 529 430 565 Condicio
451 531 619 572 tanquam
643 526 839 562 coniunctio
863 526 1014 572 eogitari
1034 529 1158 572 potest,
1179 525 1207 560 Ι.
1231 524 1291 571 86,
1313 524 1350 561 3.

265 587 530 622 Condicionibus
550 584 684 619 benum
707 596 847 629 ponere,
870 584 955 628 quid
976 583 1041 626 sit,
1064 584 1090 618 Ι.
1114 583 1253 625 112,1.

266 643 531 679 Condicionales
557 641 815 677 enunciationes
837 641 912 676 sine
934 642 966 676 si
984 641 1181 686 particula,
1205 641 1233 677 1.
1258 638 1318 683 64,
1339 638 1375 677 5.

268 700 526 738 condicionalis
555 699 752 735 enunciatio
775 699 906 735 omissa
927 698 965 734 in
987 698 1176 734 bimembri
1201 699 1382 741 oratione,
1411 697 1474 733 ubi
1496 694 1652 742 nequitur

358 757 700 802 sinvelsinoml.
723 755 783 799 35,
806 756 841 797 4.

271 816 478 853 Condonure
500 814 609 850 alicui
635 815 781 882 aliquid,
803 814 862 849 vel
885 813 1052 858 aliquem,
1077 813 1204 859 explic.
1194 838 1224 857 .‚
1258 813 1297 848 C.
1319 811 1379 856 52,
1401 813 1438 852 8.
1481 813 1513 853 1.
1535 804 1642 858 '2⁴8st
1643 839 1654 848 .

273 874 479 910 Condonare
501 885 538 908 se
560 873 666 908 alicui
687 872 711 908 i.
736 885 770 917 q.
793 872 975 907 victimam
999 883 1036 906 se
1059 871 1238 915 praebere,
1259 871 1290 907 Ι.
1311 870 1371 916 79,
1385 871 1432 937 9.

275 932 462 980 Confectus
488 933 524 966 et
545 931 694 975 insectus
716 931 871 973 confusa,
895 930 1026 972 Ι.194,
1050 930 1084 965 1.

277 989 493 1035 confirmare
507 987 690 1034 aliquem·
678 1000 704 1023 1.
727 1000 760 1033 q.
784 988 931 1023 dubium
952 997 1169 1032 permovere,
1190 985 1301 1031 1.,23,
1319 985 1356 1025 2.

279 1045 491 1091 Congressus
513 1049 548 1080 et
571 1058 752 1081 concursus
775 1047 932 1090 confusa,
956 1046 985 1080 1.
1007 1044 1067 1087 74,
1082 1044 1117 1084 3.
1316 1034 1319 1037 Δ

280 1103 489 1148 Coniugium
511 1114 575 1148 pro
597 1115 702 1139 uxore
725 1103 870 1148 dietum,
894 1103 934 1138 C.
958 1101 1016 1143 14,
1039 1102 1074 1139 1.

281 1161 502 1196 Coniunctivi
521 1171 634 1206 praes.
659 1161 789 1206 passivi
811 1172 880 1195 soc.
905 1170 1056 1204 persona
1077 1158 1115 1193 in
1136 1170 1222 1194 -re
1241 1158 1371 1201 exiens,
1393 1157 1434 1192 C.
1456 1155 1517 1202 58,
1537 1157 1574 1198 2,
1613 1175 1618 1180 -

283 1217 503 1253 Coniunctioi
526 1218 581 1253 vis
603 1219 758 1263 propria,
781 1219 820 1253 C.
843 1218 879 1260 4,
900 1215 937 1255 5.

284 1275 529 1311 Coniunctious
550 1277 700 1320 pendens
723 1288 766 1310 ex
787 1275 934 1310 vocibus
956 1278 1035 1309 sunt
1057 1273 1129 1319 qui,
1152 1273 1191 1308 C.
1217 1271 1276 1315 19,
1297 1271 1334 1312 4.

287 1333 532 1368 Coniunctivus
553 1333 704 1378 pendens
726 1345 769 1368 ex
791 1332 907 1367 verbis
925 1332 1043 1377 potius
1064 1343 1178 1376 quom,
1200 1332 1229 1366 Ι.
1253 1330 1335 1374 196,
1357 1329 1394 1366 3.

288 1390 532 1426 Coniunctivus
553 1391 705 1435 pendens
727 1403 769 1426 ex
790 1391 909 1425 verbis
930 1388 1175 1434 praecipiendi,
1201 1389 1241 1425 C.
1265 1387 1323 1431 29,
1350 1387 1385 1429 2.
1431 1387 1463 1426 Ι.
1483 1386 1542 1430 28,
1565 1387 1602 1424 1.

288 1445 531 1482 Coniunctious
553 1459 595 1482 ex
624 1450 704 1494 quia
727 1453 843 1494 aptus,
864 1449 892 1483 1.
915 1447 972 1491 98,
994 1447 1028 1485 6.

291 1503 538 1540 Coniunctivus
560 1506 752 1550 praesentis
774 1511 834 1542 aut
857 1507 948 1551 perf.
971 1505 1008 1539 vi
1030 1502 1240 1539 concedendi
1262 1502 1415 1547 positus,
1437 1502 1467 1538 Ι.
1489 1502 1571 1545 119,
1592 1502 1629 1538 3.

293 1561 538 1598 Coniunctivus
559 1563 706 1607 perfecti
728 1563 765 1598 vi
787 1563 987 1608 imperativi
1010 1562 1160 1609 positus,
1181 1561 1210 1594 Ι.
1231 1559 1313 1602 119,
1333 1559 1369 1596 4.

294 1619 541 1656 Coniunctivus
565 1621 710 1666 portenti
734 1622 858 1657 vitiose
880 1621 1013 1667 positus
1039 1630 1102 1664 pro
1125 1618 1318 1655 indicativo
1338 1619 1610 1696 plusquamperf.
1633 1628 1677 1656 ox

389 1679 481 1724 quod
503 1679 684 1725 pendente,
709 1680 748 1715 C.
772 1680 829 1724 18,
856 1678 892 1714 3.
939 1678 1048 1719 1.89‚
1071 1677 1106 1714 1.

298 1735 543 1773 Coniunctivus
563 1738 663 1772 verbi
685 1750 758 1774 esse
779 1739 940 1780 omissus,
963 1738 991 1773 Ι.
1015 1736 1072 1778 88,
1093 1733 1129 1769 5.

300 1793 554 1829 Conscientia·
541 1806 565 1833 ι.
593 1807 626 1839 q.
651 1798 747 1832 mala
771 1796 990 1837 conscientia,
1013 1795 1040 1828 1.
1064 1790 1123 1834 85,
1146 1790 1206 1827 26.

299 1850 463 1886 Conscius
482 1863 564 1886 eum
587 1853 705 1888 dativo
726 1864 895 1898 personae
916 1852 1147 1890 coniunctum,
1171 1849 1211 1882 C.
1235 1847 1294 1891 22,
1315 1847 1352 1882 2.

302 1908 465 1943 Conscius
486 1912 521 1944 et
545 1911 752 1946 conscientia
774 1912 817 1946 «le
839 1910 960 1954 aliqua
981 1920 1031 1951 re,
1055 1908 1093 1942 C.
1118 1903 1236 1949 3552.

304 1966 480 2002 Conseribi
501 1967 562 2011 qui
584 1969 728 2013 proprie
750 1968 920 2011 dicantur,
945 1967 984 2001 C.
999 1964 1060 2007 59,
1081 1963 1118 1999 5.

305 2023 492 2060 Considere
514 2025 559 2059 de
581 2027 746 2069 exercitu,
769 2026 795 2061 ἰ.
816 2038 850 2071 q.
879 2026 996 2058 castra
1018 2025 1158 2066 ponere,
1181 2019 1221 2055 C.
1244 2018 1303 2061 57,
1327 2017 1364 2053 3.

307 2081 496 2120 Consilium
518 2083 694 2118 diversum
717 2094 739 2119 a
762 2082 915 2124 concilio,
941 2081 980 2122 C.
1004 2078 1064 2122 42,
1086 2078 1122 2114 2.
1167 2078 1198 2113 1.
1220 2077 1279 2123 29,
1302 2075 1340 2116 5,

309 2139 497 2175 Consilium
519 2142 685 2184 militare,
706 2142 733 2176 Ι.
757 2141 816 2186 29,
839 2139 874 2176 5.
921 2138 979 2181 62,
1001 2136 1036 2172 5.

310 2197 463 2232 Consilia
482 2199 656 2235 militaria
677 2211 719 2234 ex
741 2210 840 2234 more
861 2198 1107 2232 Romanorum
1126 2192 1359 2233 habebantur,
1381 2189 1412 2224 Ῑ·
1434 2188 1495 2233 ⁶2,
1515 2188 1554 2229 5.

312 2255 499 2291 Consilium
522 2263 595 2299 est,
616 2262 686 2299 ut,
709 2258 737 2293 Ι.
760 2255 819 2299 85,
845 2256 880 2291 8.

314 2313 507 2349 Consistere
528 2326 597 2349 non
618 2315 712 2349 idem
734 2316 831 2349 vaiet
854 2312 947 2358 qnod
971 2310 1188 2349 constituere,
1210 2305 1241 2341 Ι.
1263 2303 1323 2346 49,
1345 2301 1382 2341 5.

315 2370 462 2406 Constat
483 2371 508 2406 ἰ.
535 2385 569 2422 q.
593 2376 726 2407 certum
747 2375 810 2414 est,
834 2372 860 2406 Ι.
883 2369 942 2414 30,
967 2369 1002 2404 1.

317 2427 532 2466 Constituere
555 2430 579 2465 i.
601 2442 635 2474 q.
659 2430 884 2470 confirmate,
907 2428 937 2462 1.
959 2426 1019 2469 31,
1042 2424 1097 2466 17.

318 2484 533 2522 Constituere
556 2488 715 2522 absolute
741 2487 874 2521 dictum
898 2484 922 2519 ἱ.
948 2496 982 2529 q.
1006 2479 1147 2527 pacisci,
1165 2478 1195 2514 Ι.
1218 2476 1278 2520 66,
1300 2475 1336 2511 2

317 2541 524 2579 Construere
546 2545 717 2590 peculiari
737 2555 840 2579 sensu
862 2542 888 2577 ἰ.
913 2553 945 2586 q.
968 2539 1160 2579 instituere,
1182 2537 1209 2572 1.
1232 2534 1337 2579 13‚l
1340 2556 1350 2567 ·

320 2599 537 2637 Constructio
572 2605 697 2648 duplex
729 2603 885 2638 eiusdem
911 2598 1010 2634 verbi
1039 2597 1076 2631 in
1107 2595 1230 2630 eadem
1262 2589 1538 2634 annunciatione,
1544 2589 1583 2624 C.
1606 2587 1641 2632 5,
1661 2588 1698 2623 9.

410 2657 529 2701 33,l.
577 2661 723 2703 Ι.1,2.
771 2658 886 2702 25,1.
934 2655 992 2698 29,
1015 2653 1052 2689 5.
1095 2652 1204 2695 49,2.
1248 2647 1308 2692 65,
1331 2648 1365 2682 2.

323 2713 537 2751 constructio
561 2714 829 2757 ἄνακολούθως
849 2710 1171 2756 mutata,1.4,6.
1218 2707 1276 2750 17,
1300 2705 1335 2747 3.

325 2771 542 2809 Constructio
565 2775 755 2810 sententiae
776 2771 984 2809 bimembris
1004 2769 1157 2810 variata,
1178 2767 1207 2802 1.
1225 2764 1263 2808 5,
1284 2763 1321 2804 4·
1369 2761 1406 2805 7,
1430 2762 1464 2797 l·
1511 2757 1570 2802 47,
1592 2757 1630 2793 2·

328 2831 544 2867 Consuetudo
571 2836 607 2868 et
629 2843 841 2867 consuescere
863 2831 901 2866 in
923 2826 1089 2872 returpi,
1111 2826 1152 2862 G·
1174 2824 1233 2868 23,
1255 2822 1292 2859 3·
