1716 3210
458 254 797 298 cATILINA.
842 249 1160 295 CAEXXVJ.
1412 253 1498 295 125

118 374 386 435 >provinciae
429 372 716 432 perpulerat,
758 384 815 413 ne
849 373 1003 413 contra
1036 367 1359 426 rempublicam
1393 382 1495 411 sen-

116 465 246 516 ·tiret3
279 465 449 509 circum
490 479 537 507 se
569 460 804 523 praesidia,
823 459 1069 504 amicorum
1103 465 1237 516 atque
1270 458 1496 503 clientium

46 571 50 574 ’
123 555 300 600 occulte
333 554 543 599 habebat.
611 552 856 609 Postquam
903 549 999 593 dies
1046 549 1328 594 comitiorum
1361 550 1495 604 venit,

125 653 169 690 et
226 630 445 692 Catilinae
507 658 653 701 neque
706 641 862 701 petitio
926 655 1072 697 neque
1126 640 1332 695 insidiae,
1387 646 1497 699 quas

125 736 310 782 consuli
354 737 399 779 in
441 730 605 794 campo
649 733 840 787 fecerat,
883 746 1100 791 prospere
1145 746 1338 786 cessere,
1386 747 1497 776 con—

123 827 259 872 stituit
313 826 486 871 bellum
542 825 692 870 {acere
738 831 783 868 et
833 829 1029 866 extrema
1088 821 1236 866 omnia
1294 824 1499 882 experiri,

123 918 332 977 quoniam
379 931 496 977 quae
546 915 725 962 occulte
775 920 1017 959 tentaverat
1072 928 1231 974 aspera
1272 914 1502 980 foedaque·

126 1005 374 1055 evenerant.

216 1167 250 1209 S.
273 1164 309 1200 8.
354 1165 465 1200 malta
493 1162 683 1210 pollicendo
711 1173 777 1208 per
809 1159 993 1207 Fulviam]
1029 1159 1290 1197 Revocavimus
1319 1159 1500 1207 antiquam

125 1222 452 1268 interpunctionem,
484 1233 555 1267 qua
586 1225 758 1256 commate
788 1224 866 1265 post
894 1221 1052 1255 Fulviam
1085 1220 1320 1266 distinguitur.
1368 1221 1501 1255 Parum

127 1281 283 1315 consulto
305 1280 485 1325 Bipontini
516 1280 743 1324 scripserant:
772 1280 882 1312 multa
902 1279 1111 1323 pollicendo,
1139 1289 1204 1323 per
1226 1278 1266 1311 R
1285 1280 1349 1312 etc.
1364 1303 1374 1320 ,
1406 1277 1501 1321 quod

126 1338 310 1383 propterea
332 1338 436 1372 valde
458 1336 613 1378 offendit,
637 1336 719 1379 quia
738 1336 892 1380 polliceri
914 1336 1018 1369 nimis
1040 1337 1132 1370 nude
1152 1335 1306 1380 positum
1327 1346 1396 1369 non
1418 1334 1503 1369 satis

127 1395 310 1430 commode
331 1394 555 1440 intelligitur,
578 1404 646 1437 que
669 1394 848 1438 pertineat.
867 1413 914 1418 —-
949 1395 1112 1428 Pacn'one
1133 1394 1338 1438 provinciae.
1378 1393 1501 1427 Cicero

126 1452 223 1487 enim
245 1451 508 1493 Macedoniam,
537 1450 721 1485 meliorem
742 1450 979 1494 provinciam,
1010 1450 1160 1485 Antonio
1190 1450 1263 1484 sine
1294 1453 1389 1485 sorte
1418 1461 1503 1484 cou-

129 1508 251 1551 comit,
282 1508 359 1554 ipse
391 1509 546 1544 Galliam
577 1509 644 1543 sibi
676 1508 839 1552 sumpsit,
871 1518 978 1551 quam
1008 1511 1126 1541 tamen
1158 1518 1240 1541 mox
1273 1506 1311 1541 in
1340 1507 1504 1541 concione

129 1566 299 1612 deposuit,
324 1570 365 1601 nt
385 1565 461 1611 ipse
484 1570 630 1601 testatur
652 1565 809 1600 oratione
831 1565 868 1599 in
890 1565 960 1600 Pis.
979 1575 1008 1598 e.
1021 1563 1057 1607 2,
1067 1564 1103 1600 5.
1126 1568 1160 1599 et
1181 1565 1273 1610 Epp.
1299 1565 1343 1600 ad
1365 1565 1504 1600 Famm.

128 1623 171 1685 V,
179 1624 224 1694 ε2.
245 1628 328 1659 ante
347 1624 438 1658 med
460 1623 638 1658 Plutarch.
665 1623 737 1657 Cic.
759 1635 790 1658 c.
814 1622 871 1657 12.
896 1623 1008 1658 Coa-r.

179 1683 255 1725 ‘.§
275 1679 322 1716 5.‘
359 1690 446 1727 quas
468 1681 608 1715 Comulz·
620 1681 780 1725 fecerat]
816 1681 856 1714 ln
878 1678 1058 1723 permultis
1086 1679 1184 1715 codd.
1215 1682 1268 1715 est
1291 1679 1502 1722 Consulibus,

127 1737 223 1784 quod
253 1737 390 1773 eortius
419 1737 571 1782 recepit,
601 1738 742 1772 relicuis
773 1737 963 1772 editoribus
994 1737 1069 1772 fere
1097 1737 1257 1772 omnibus
1288 1737 1503 1783 singularem

129 1794 316 1832 tumebas.
360 1794 432 1839 Qui
452 1795 627 1839 pluralem
648 1796 817 1840 probant,
851 1794 1059 1828 Sallustium
1088 1798 1212 1839 putant
1243 1796 1435 1840 respexisse
1457 1797 1505 1831 ad

130 1852 308 1888 ciceronis
328 1843 585 1897 testimenium,
608 1852 668 1898 qui
691 1855 780 1888 orat.
812 1850 849 1886 in
873 1852 975 1888 catii.
993 1852 1022 1894 1,
1040 1851 1149 1894 5,11.
1182 1852 1284 1896 aicit,
1316 1854 1505 1889 caminam

132 1909 286 1945 comitiis
304 1909 543 1945 consularibus
565 1921 634 1945 non
655 1911 759 1944 modo
779 1909 912 1955 ipsum,
937 1911 997 1944 sed
1019 1910 1127 1944 etiam
1150 1902 1392 1954 competitores
1422 1923 1505 1946 suos

132 1968 327 2002 interficere
355 1967 521 2002 voluisse·
575 1967 666 2008 Sed,
697 1971 736 2003 ut
764 1968 834 2002 hoc
856 1979 978 2002 verum
1013 1967 1076 2010 sit,
1107 1967 1293 2002 Sallustius
1316 1972 1408 2002 certe
1429 1968 1504 2003 eius

131 2025 187 2061 rei
208 2036 277 2060 uon
297 2023 477 2065 meminit,
500 2035 544 2058 ac
568 2024 611 2058 de'
632 2024 797 2059 Cicerone
817 2026 891 2059 solo
914 2024 1085 2069 loquitur,
1117 2025 1209 2068 quod
1240 2035 1310 2058 non
1331 2026 1438 2060 modo
1461 2037 1504 2060 ex

132 2082 241 2117 huin-
261 2082 386 2126 capitis
409 2075 592 2124 contextu,
623 2082 683 2116 sed
714 2082 821 2116 etiam
853 2095 895 2116 ex
918 2094 995 2126 cap.
1014 2082 1156 2123 xxvll,
1180 2082 1215 2115 2.
1247 2086 1282 2117 et
1304 2084 1452 2126 xxxn,
1468 2085 1503 2118 1.

133 2131 239 2184 putei.
282 2139 469 2174 Praeterea
498 2139 740 2184 competitores
759 2151 828 2173 uon
850 2141 953 2174 modo
977 2140 1162 2182 Consules,
1193 2139 1252 2174 sed
1275 2151 1319 2174 ne
1341 2140 1506 2186 disignati

132 2196 277 2242 quidem
305 2196 376 2231 dici
407 2201 586 2242 poterant,
623 2196 795 2241 siquidem
825 2200 905 2232 ante
933 2197 1076 2232 comitia
1106 2197 1231 2231 habita
1261 2199 1412 2233 noudum
1443 2199 1506 2233 de-

135 2252 267 2299 signati
285 2257 396 2289 aaut,
440 2254 636 2300 Quomiuus
669 2258 787 2289 autem
814 2255 987 2289 Antonius
1017 2255 1123 2289 simul
1152 2266 1233 2289 cum
1256 2254 1423 2291 Cicerone
1450 2256 1507 2291 in-

138 2308 337 2357 telligatur,
360 2312 476 2347 obstat
495 2312 589 2357 quod
612 2311 701 2347 Sall.
726 2311 879 2355 dixerat,
913 2312 1100 2348 Catilinam
1122 2322 1277 2358 sperasse
1297 2325 1336 2348 se
1356 2313 1506 2350 Antonio

138 2380 182 2404 ex
202 2369 380 2404 voluntate
399 2380 556 2404 usurum.

231 2435 356 2472 aspera
388 2428 566 2472 foedaque
605 2428 811 2473 evenerant]
857 2428 1023 2474 Vulgaris
1062 2428 1152 2464 ratio
1191 2440 1312 2475 aspere
1336 2429 1510 2475 foedeque

138 2485 351 2530 postularet,
382 2483 502 2529 itaque
530 2485 685 2529 aliquos,
720 2486 827 2521 etiam
861 2486 980 2520 invitis
1010 2486 1131 2529 libris,
1162 2487 1339 2532 scripsisse
1370 2488 1510 2522 Cottius

139 2542 235 2578 testis
258 2545 319 2576 est.
365 2541 434 2575 Sed
461 2543 523 2576 ubi
543 2544 692 2578 verbum
713 2543 764 2578 ita
786 2555 866 2577 cum
889 2543 1102 2578 substantivo
1124 2547 1176 2579 est
1197 2545 1437 2588 coniunctum,
1470 2547 1510 2579 ut

139 2602 177 2634 et
197 2598 389 2634 subiectum
410 2600 583 2635 vocabulo
608 2601 785 2646 apposito,
809 2605 844 2635 et
864 2601 1104 2645 praedicatum
1125 2602 1292 2637 adverbio
1314 2602 1510 2637 accuratius

142 2656 278 2706 definiri
299 2657 428 2702 possit,
449 2656 566 2691 Latini
586 2659 778 2693 subtilitate
800 2660 949 2703 quadam
972 2659 1131 2700 dicendi,
1161 2669 1184 2694 a
1205 2664 1322 2695 nostro
1344 2660 1510 2694 idiomate

143 2713 272 2757 aliena,
294 2714 506 2750 adiectivum
527 2720 667 2758 ponunt,
685 2715 747 2750 ubi
769 2727 811 2750 ex
827 2717 1059 2752 recentiorum
1079 2716 1282 2762 linguarum
1307 2729 1372 2752 usu
1394 2716 1510 2762 potins

92 2770 94 2772 ’
143 2771 289 2807 verbum
311 2771 477 2807 adverbio
496 2771 616 2809 addito
643 2772 780 2808 definiri
811 2774 909 2810 solet.
953 2772 1175 2812 Adiectivum
1204 2778 1321 2811 autem
1353 2776 1400 2811 ad
1429 2775 1511 2810 sub-
